[
    {
        "store": "Supervalu",
        "keyword": "bread",
        "id": 1000430000,
        "name": "SuperValu Multiseed Bread (800 Grams)",
        "price": 1.3,
        "price_desc": "€1.63 per kg",
        "image": "http://shop.supervalu.ie/shopping/images/products/small/5099839352522_1.JPG",
        "category": "Bakery|Bread|Wrapped Brown Bread"
    },
    {
        "store": "Supervalu",
        "keyword": "bread",
        "id": 1000683000,
        "name": "Pat The Baker Bread Wholemeal (400 Grams)",
        "price": 1.48,
        "price_desc": "€3.70 per kg",
        "image": "http://shop.supervalu.ie/shopping/images/products/small/5011041001623_1.JPG",
        "category": "Bakery|Bread|Wrapped Brown Bread"
    },
    {
        "store": "Supervalu",
        "keyword": "bread",
        "id": 1001882000,
        "name": "Rankin Bread Sliced Stoneground (400 Grams)",
        "price": 1,
        "price_desc": "€2.50 per kg",
        "image": "http://shop.supervalu.ie/shopping/images/products/small/5013427012629_1.JPG",
        "category": "Bakery|Bread|Traditional,speciality,dietary"
    },
    {
        "store": "Supervalu",
        "keyword": "bread",
        "id": 1003559000,
        "name": "Brennan Weight Watchers Bread White (400 Grams)",
        "price": 1.8,
        "price_desc": "€4.50 per kg",
        "image": "http://shop.supervalu.ie/shopping/images/products/small/5011059000977_1.JPG",
        "category": "Bakery|Bread|Traditional,speciality,dietary"
    },
    {
        "store": "Supervalu",
        "keyword": "bread",
        "id": 1003560000,
        "name": "Brennan Weight Watchers Bread Brown (400 Grams)",
        "price": 1.8,
        "price_desc": "€4.50 per kg",
        "image": "http://shop.supervalu.ie/shopping/images/products/small/5011059000960_1.JPG",
        "category": "Bakery|Bread|Traditional,speciality,dietary"
    },
    {
        "store": "Supervalu",
        "keyword": "bread",
        "id": 1007495000,
        "name": "SuperValu Wholemeal Pitta Bread Round 8 Pack (8 Piece)",
        "price": 1.09,
        "price_desc": "€0.14 each",
        "image": "http://shop.supervalu.ie/shopping/images/products/small/5099839254550_1.JPG",
        "category": "Bakery|Bread|Naan, Pitta, Rolls,buns & Baps"
    },
    {
        "store": "Supervalu",
        "keyword": "bread",
        "id": 1009470000,
        "name": "Country Kitchen Pitta Bread Wholemeal (6 Piece)",
        "price": 1.64,
        "price_desc": "€0.27 each",
        "image": "http://shop.supervalu.ie/shopping/images/products/small/5099077000056_1.JPG",
        "category": "Bakery|Bread|Naan, Pitta, Rolls,buns & Baps"
    },
    {
        "store": "Supervalu",
        "keyword": "bread",
        "id": 1018692000,
        "name": "Brennans Be Good Wholemeal Bread (600 Grams)",
        "price": 1.64,
        "price_desc": "€1.64 per kg",
        "image": "http://shop.supervalu.ie/shopping/images/products/small/5011059001011_1.JPG",
        "category": "Bakery|Bread|Traditional,speciality,dietary"
    },
    {
        "store": "Supervalu",
        "keyword": "cheese",
        "id": 1018842000,
        "name": "SuperValu Naan Bread Authentic 2 Pack (230 Grams)",
        "price": 1.27,
        "price_desc": "€5.52 per kg",
        "image": "http://shop.supervalu.ie/shopping/images/products/small/5099839228124_1.JPG",
        "category": "Bakery|Bread|Naan, Pitta, Rolls,buns & Baps"
    },
    {
        "store": "Supervalu",
        "keyword": "milk",
        "id": 1021087001,
        "name": "Mccambridge Low Gi Bread (500 Grams)",
        "price": 1.92,
        "price_desc": "€1.92 per kg",
        "image": "null",
        "category": "Bakery|Bread|Traditional,speciality,dietary"
    },
    {
        "store": "Supervalu",
        "keyword": "bread",
        "id": 1021087002,
        "name": "Mccambridge Spelt Bread (500 Grams)",
        "price": 1.92,
        "price_desc": "€1.92 per kg",
        "image": "null",
        "category": "Bakery|Bread|Traditional,speciality,dietary"
    },
    {
        "store": "Supervalu",
        "keyword": "bread",
        "id": 1021092001,
        "name": "Irish Pride Slimsters Bread 600g (600 Grams)",
        "price": 1.69,
        "price_desc": "€2.82 per kg",
        "image": "http://shop.supervalu.ie/shopping/images/products/small/5099268017207_1.JPG",
        "category": "Bakery|Bread|Traditional,speciality,dietary"
    },
    {
        "store": "Supervalu",
        "keyword": "bread",
        "id": 1021595000,
        "name": "Country Kitchen Pitta Bread Oval (6 Piece)",
        "price": 1.49,
        "price_desc": "€0.25 each",
        "image": "null",
        "category": "Bakery|Bread|Naan, Pitta, Rolls,buns & Baps"
    },
    {
        "store": "Supervalu",
        "keyword": "bread",
        "id": 1024212000,
        "name": "Johnson Mooney & O'Brien Nutty Doorstep Bread (800 Grams)",
        "price": 2.46,
        "price_desc": "€3.08 per kg",
        "image": "http://shop.supervalu.ie/shopping/images/products/small/5099867001478_1.JPG",
        "category": "Bakery|Bread|Wrapped Brown Bread"
    },
    {
        "store": "Supervalu",
        "keyword": "bread",
        "id": 1024237000,
        "name": "SuperValu White Round Pitta Bread 8s (364 Grams)",
        "price": 0.9,
        "price_desc": "€3.13 per kg",
        "image": "http://shop.supervalu.ie/shopping/images/products/small/5099839235054_1.JPG",
        "category": "Bakery|Bread|Naan, Pitta, Rolls,buns & Baps"
    },
    {
        "store": "Supervalu",
        "keyword": "bread",
        "id": 1025779000,
        "name": "SuperValu Premium Sliced Bread White (800 Grams)",
        "price": 1.35,
        "price_desc": "€1.69 per kg",
        "image": "http://shop.supervalu.ie/shopping/images/products/small/5099839041501_1.JPG",
        "category": "Bakery|Bread|Wrapped White Bread"
    },
    {
        "store": "Supervalu",
        "keyword": "bread",
        "id": 1025780000,
        "name": "SuperValu Premium Wholemeal Brow Bread (800 Grams)",
        "price": 1.35,
        "price_desc": "€1.69 per kg",
        "image": "http://shop.supervalu.ie/shopping/images/products/small/5099839041495_1.JPG",
        "category": "Bakery|Bread|Wrapped Brown Bread"
    },
    {
        "store": "Supervalu",
        "keyword": "bread",
        "id": 1093752001,
        "name": "Weight Watchers Plain Mini Naan Breads 4 Pack (192 Grams)",
        "price": 1.99,
        "price_desc": "€10.36 per kg",
        "image": "http://shop.supervalu.ie/shopping/images/products/small/5060086841282_1.JPG",
        "category": "Bakery|Bread|Traditional,speciality,dietary"
    },
    {
        "store": "Supervalu",
        "keyword": "bread",
        "id": 1094978000,
        "name": "Lifefibre Company 9 Grain Bread (500 Grams)",
        "price": 1.99,
        "price_desc": "€3.98 per kg",
        "image": "http://shop.supervalu.ie/shopping/images/products/small/5098973071412_1.JPG",
        "category": "Bakery|Bread|Traditional,speciality,dietary"
    },
    {
        "store": "Supervalu",
        "keyword": "bread",
        "id": 1100410000,
        "name": "ww pitta bread 300grm (267 Grams)",
        "price": 1.35,
        "price_desc": "€0.84 per kg",
        "image": "http://shop.supervalu.ie/shopping/images/products/small/5060086841596_1.JPG",
        "category": "Bakery|Bread|Traditional,speciality,dietary"
    },
    {
        "store": "Supervalu",
        "keyword": "bread",
        "id": 1226028000,
        "name": "Daily Basics Brown Bread (800 Grams)",
        "price": 0.79,
        "price_desc": "€0.00 per g",
        "image": "http://shop.supervalu.ie/shopping/images/products/small/5099839338304_1.JPG",
        "category": "Bakery|Bread|Wrapped Brown Bread"
    },
    {
        "store": "Supervalu",
        "keyword": "bread",
        "id": 1333948000,
        "name": "Slimsters Wholemeal Square Breads 4Pack (4 Piece)",
        "price": 1.19,
        "price_desc": "€0.30 each",
        "image": "http://shop.supervalu.ie/shopping/images/products/small/5099268044906_1.JPG",
        "category": "Bakery|Bread|Traditional,speciality,dietary"
    },
    {
        "store": "Supervalu",
        "keyword": "bread",
        "id": 1333964000,
        "name": "Slimsters Multigrain Wholemeal Square Breads 4Pack (4 Piece)",
        "price": 1.19,
        "price_desc": "€0.30 each",
        "image": "http://shop.supervalu.ie/shopping/images/products/small/5099268044913_1.JPG",
        "category": "Bakery|Bread|Traditional,speciality,dietary"
    },
    {
        "store": "Supervalu",
        "keyword": "bread",
        "id": 1344364000,
        "name": "Chia Wholegrain Bread (380 Grams)",
        "price": 3,
        "price_desc": "€7.89 per kg",
        "image": "null",
        "category": "Bakery|Fresh In Store Bakery|Speciality"
    },
    {
        "store": "Supervalu",
        "keyword": "bread",
        "id": 1387362000,
        "name": "Gingerbread Man Cookie (1 Piece)",
        "price": 1.49,
        "price_desc": "€1.49 each",
        "image": "null",
        "category": "Bakery|Fresh In Store Bakery|Treats & Pastries"
    },
    {
        "store": "Supervalu",
        "keyword": "bread",
        "id": 1441924000,
        "name": "Brennans Be Good Wholemeal Sandwich Bread (160 Grams)",
        "price": 1.09,
        "price_desc": "€6.81 per kg",
        "image": "http://shop.supervalu.ie/shopping/images/products/small/5011059001875_1.JPG",
        "category": "Bakery|Bread|Traditional,speciality,dietary"
    },
    {
        "store": "Supervalu",
        "keyword": "bread",
        "id": 1441924001,
        "name": "Brennans Be Good Sesame & Linseed Sandwich Bread (160 Grams)",
        "price": 1.09,
        "price_desc": "€6.81 per kg",
        "image": "http://shop.supervalu.ie/shopping/images/products/small/5011059001882_1.JPG",
        "category": "Bakery|Bread|Traditional,speciality,dietary"
    },
    {
        "store": "Supervalu",
        "keyword": "bread",
        "id": 1448027000,
        "name": "Brennans Half Wholewheat Stoneground Brown Bread (250 Grams)",
        "price": 1,
        "price_desc": "€4.00 per kg",
        "image": "http://shop.supervalu.ie/shopping/images/products/small/5011059001844_1.JPG",
        "category": "Bakery|Bread|Traditional,speciality,dietary"
    },
    {
        "store": "Supervalu",
        "keyword": "bread",
        "id": 1600233000,
        "name": "Hi Fibre Bread (1 Piece)",
        "price": 1.99,
        "price_desc": "€1.99 each",
        "image": "null",
        "category": "Bakery|Fresh In Store Bakery|Speciality"
    },
    {
        "store": "Supervalu",
        "keyword": "bread",
        "id": 1600622000,
        "name": "Multiseed Bread (1 Piece)",
        "price": 1.5,
        "price_desc": "€1.50 each",
        "image": "null",
        "category": "Bakery|Fresh In Store Bakery|Speciality"
    },
    {
        "store": "Supervalu",
        "keyword": "bread",
        "id": 1600646000,
        "name": "Spelt & Honey Bread (1 Piece)",
        "price": 1.99,
        "price_desc": "€1.99 each",
        "image": "null",
        "category": "Bakery|Fresh In Store Bakery|Speciality"
    },
    {
        "store": "Supervalu",
        "keyword": "bread",
        "id": 1600840000,
        "name": "Prebiotic Multiseed Bread (1 Piece)",
        "price": 3,
        "price_desc": "€3.00 each",
        "image": "null",
        "category": "Bakery|Fresh In Store Bakery|Speciality"
    },
    {
        "store": "Supervalu",
        "keyword": "bread",
        "id": 1600842000,
        "name": "Healthy Oat Bread (1 Piece)",
        "price": 1.99,
        "price_desc": "€1.99 each",
        "image": "null",
        "category": "Bakery|Fresh In Store Bakery|Speciality"
    },
    {
        "store": "Supervalu",
        "keyword": "bread",
        "id": 1601265000,
        "name": "Safari Bread (1 Piece)",
        "price": 1.99,
        "price_desc": "€1.99 each",
        "image": "null",
        "category": "Bakery|Fresh In Store Bakery|Speciality"
    },
    {
        "store": "Supervalu",
        "keyword": "bread",
        "id": 1601722000,
        "name": "Chia Bread (1 Piece)",
        "price": 1.99,
        "price_desc": "€1.99 each",
        "image": "null",
        "category": "Bakery|Fresh In Store Bakery|Speciality"
    },
    {
        "store": "Tesco",
        "keyword": "bread",
        "id": 254517242,
        "name": "Scarteen Garlic Bread Brown 280G",
        "price": 2.09,
        "price_desc": "(€0.75/100g)",
        "image": "http://img.tesco.ie/Groceries/pi/807\\5392000057807\\IDShot_225x225.jpg",
        "category": "Fresh Food|Fresh Meals, Pizza, Pasta & Garlic Bread|Prepared Meals"
    },
    {
        "store": "Tesco",
        "keyword": "bread",
        "id": 256041829,
        "name": "Dairylea Dunkers And Breadsticks (4X47g)",
        "price": 3.5,
        "price_desc": "(€17.50/kg)",
        "image": "http://img.tesco.ie/Groceries/pi/\\noimage\\noimage_225x225.jpg",
        "category": "Fresh Food|Cheese|Prepared Meals"
    },
    {
        "store": "Tesco",
        "keyword": "bread",
        "id": 259821758,
        "name": "Moy Park Breaded Chicken Nuggets 800G",
        "price": 5,
        "price_desc": "(€6.25/kg)",
        "image": "http://img.tesco.ie/Groceries/pi/580\\5010069725580\\IDShot_225x225.jpg",
        "category": "Fresh Food|Fresh Meals, Pizza, Pasta & Garlic Bread|Prepared Meals"
    },
    {
        "store": "Tesco",
        "keyword": "bread",
        "id": 259851540,
        "name": "Bernard Matthews Breaded Turkey Escalopes 390G",
        "price": 2.99,
        "price_desc": "(€7.67/kg)",
        "image": "http://img.tesco.ie/Groceries/pi/411\\5010236061411\\IDShot_225x225.jpg",
        "category": "Fresh Food|Fresh Poultry|Fresh Turkey"
    },
    {
        "store": "Tesco",
        "keyword": "bread",
        "id": 260519778,
        "name": "Moy Park Breaded Goujons Mega Pack 700G",
        "price": 4.2,
        "price_desc": "(€6.00/kg)",
        "image": "http://img.tesco.ie/Groceries/pi/542\\5010069725542\\IDShot_225x225.jpg",
        "category": "Fresh Food|Fresh Poultry|Fresh Chicken"
    },
    {
        "store": "Tesco",
        "keyword": "bread",
        "id": 264566899,
        "name": "Tesco Breaded Chicken Mini Fillets 305G",
        "price": 2.58,
        "price_desc": "(€8.46/kg)",
        "image": "http://img.tesco.ie/Groceries/pi/457\\5051898684457\\IDShot_225x225.jpg",
        "category": "Fresh Food|Fresh Poultry|Fresh Chicken"
    },
    {
        "store": "Tesco",
        "keyword": "bread",
        "id": 264566997,
        "name": "Tesco Southern Fried Breaded Chicken Mini Fillets 305G",
        "price": 2.89,
        "price_desc": "(€9.48/kg)",
        "image": "http://img.tesco.ie/Groceries/pi/556\\5051898684556\\IDShot_225x225.jpg",
        "category": "Fresh Food|Fresh Poultry|Fresh Chicken"
    },
    {
        "store": "Tesco",
        "keyword": "bread",
        "id": 264567506,
        "name": "Tesco 4 Breaded Chicken Steaks 505G",
        "price": 2.8,
        "price_desc": "(€5.55/kg)",
        "image": "http://img.tesco.ie/Groceries/pi/945\\5051898684945\\IDShot_225x225.jpg",
        "category": "Fresh Food|Fresh Poultry|Fresh Chicken"
    },
    {
        "store": "Tesco",
        "keyword": "bread",
        "id": 264567593,
        "name": "Tesco Southern Fried Breaded Chicken Steaks 505G",
        "price": 2.8,
        "price_desc": "(€5.55/kg)",
        "image": "http://img.tesco.ie/Groceries/pi/983\\5051898684983\\IDShot_225x225.jpg",
        "category": "Fresh Food|Fresh Poultry|Fresh Chicken"
    },
    {
        "store": "Tesco",
        "keyword": "bread",
        "id": 264781275,
        "name": "Tesco Italiano 12 Garlic Bread Bites 175G",
        "price": 2.59,
        "price_desc": "(€1.48/100g)",
        "image": "http://img.tesco.ie/Groceries/pi/086\\5051898884086\\IDShot_225x225.jpg",
        "category": "Fresh Food|Fresh Meals, Pizza, Pasta & Garlic Bread|Fresh Garlic & Cheese Breads"
    },
    {
        "store": "Tesco",
        "keyword": "bread",
        "id": 264842647,
        "name": "Tesco Market Value Breaded Fillets 900G",
        "price": 7.98,
        "price_desc": "(€8.87/kg)",
        "image": "http://img.tesco.ie/Groceries/pi/\\noimage\\noimage_225x225.jpg",
        "category": "Fresh Food|Fresh Poultry|Fresh Chicken"
    },
    {
        "store": "Tesco",
        "keyword": "bread",
        "id": 266176846,
        "name": "Medium And Medium Fresh Bread Crumbs 200G",
        "price": 1.2,
        "price_desc": "(€6.00/kg)",
        "image": "http://img.tesco.ie/Groceries/pi/055\\5011023004055\\IDShot_225x225.jpg",
        "category": "Fresh Food|Fresh Poultry|Fresh Chicken"
    },
    {
        "store": "Tesco",
        "keyword": "bread",
        "id": 266605413,
        "name": "Tesco Bread Crumbs 400G",
        "price": 1.79,
        "price_desc": "(€0.45/100g)",
        "image": "http://img.tesco.ie/Groceries/pi/825\\5052004739825\\IDShot_225x225.jpg",
        "category": "Fresh Food|Fresh Poultry|Fresh Chicken"
    },
    {
        "store": "Tesco",
        "keyword": "bread",
        "id": 273681103,
        "name": "Tesco 2 Breaded Chunky Cod Fillets 350G",
        "price": 3.59,
        "price_desc": "(€10.26/kg)",
        "image": "http://img.tesco.ie/Groceries/pi/776\\5052109943776\\IDShot_225x225.jpg",
        "category": "Fresh Food|Chilled Fish & Sea Food|Fresh Fish"
    },
    {
        "store": "Tesco",
        "keyword": "bread",
        "id": 279935388,
        "name": "Tesco Breaded Chicken Pops 250G",
        "price": 2.19,
        "price_desc": "(���8.76/kg)",
        "image": "http://img.tesco.ie/Groceries/pi/221\\5053947839221\\IDShot_225x225.jpg",
        "category": "Fresh Food|Fresh Poultry|Fresh Chicken"
    },
    {
        "store": "Tesco",
        "keyword": "bread",
        "id": 279935434,
        "name": "Tesco Southern Fried Breaded Chicken Pops 250G",
        "price": 2.39,
        "price_desc": "(€9.56/kg)",
        "image": "http://img.tesco.ie/Groceries/pi/245\\5053947839245\\IDShot_225x225.jpg",
        "category": "Fresh Food|Fresh Poultry|Fresh Chicken"
    },
    {
        "store": "Tesco",
        "keyword": "bread",
        "id": 279935929,
        "name": "Tesco Breaded Chicken Goujons 270G",
        "price": 2.25,
        "price_desc": "(€8.34/kg)",
        "image": "http://img.tesco.ie/Groceries/pi/276\\5053947839276\\IDShot_225x225.jpg",
        "category": "Fresh Food|Fresh Poultry|Fresh Chicken"
    },
    {
        "store": "Tesco",
        "keyword": "bread",
        "id": 279936099,
        "name": "Tesco Southern Fried Breaded Chicken Goujons 270G",
        "price": 2.39,
        "price_desc": "(€8.86/kg)",
        "image": "http://img.tesco.ie/Groceries/pi/313\\5053947839313\\IDShot_225x225.jpg",
        "category": "Fresh Food|Fresh Poultry|Fresh Chicken"
    },
    {
        "store": "Tesco",
        "keyword": "bread",
        "id": 279947656,
        "name": "Tesco Southern Fried Breaded Chicken Portions 950G",
        "price": 5,
        "price_desc": "(€5.27/kg)",
        "image": "http://img.tesco.ie/Groceries/pi/580\\5053947839580\\IDShot_225x225.jpg",
        "category": "Fresh Food|Fresh Poultry|Fresh Chicken"
    },
    {
        "store": "Tesco",
        "keyword": "bread",
        "id": 285091909,
        "name": "Tesco Breaded Chicken Goujons 540G",
        "price": 4,
        "price_desc": "(€7.41/kg)",
        "image": "http://img.tesco.ie/Groceries/pi/421\\5054268892421\\IDShot_225x225.jpg",
        "category": "Fresh Food|Fresh Poultry|Fresh Chicken"
    }
]
