[{"store":"Supervalu","keyword":"milk","id":1002279000,"name":"Lullaby Milk (1 Litre)","price":2.19,"price_desc":"€2.19 per litre","image":"http://shop.supervalu.ie/shopping/images/products/small/5098727000071_1.JPG","category":"Dairy, Eggs & Chilled Juice|Milk|Fortified Milk"},{"store":"Supervalu","keyword":"milk","id":1005787000,"name":"Avonmore Fresh Milk (2 Litre)","price":1.89,"price_desc":"€0.95 per litre","image":"http://shop.supervalu.ie/shopping/images/products/small/5011056020053_1.JPG","category":"Dairy, Eggs & Chilled Juice|Milk|Whole Milk"},{"store":"Supervalu","keyword":"milk","id":1009043000,"name":"SuperValu Fresh Milk (3 Litre)","price":2.19,"price_desc":"€0.73 per litre","image":"http://shop.supervalu.ie/shopping/images/products/small/5099839260230_1.JPG","category":"Dairy, Eggs & Chilled Juice|Milk|Whole Milk"},{"store":"Supervalu","keyword":"milk","id":1012735000,"name":"Avonmore Fresh Milk (330 Millilitre)","price":0.55,"price_desc":"€1.67 per litre","image":"http://shop.supervalu.ie/shopping/images/products/small/5011056021609_1.JPG","category":"Dairy, Eggs & Chilled Juice|Milk|Whole Milk"},{"store":"Supervalu","keyword":"milk","id":1013118000,"name":"Viva Heat Treat Longlife Low Fat Milk (1 Litre)","price":1.15,"price_desc":"€2.30 per litre","image":"http://shop.supervalu.ie/shopping/images/products/small/5099869343408_1.JPG","category":"Dairy, Eggs & Chilled Juice|Milk|Low Fat Milk"},{"store":"Supervalu","keyword":"milk","id":1013427000,"name":"Glenisk Organic Milk (1 Litre)","price":1.65,"price_desc":"€1.65 per litre","image":"http://shop.supervalu.ie/shopping/images/products/small/5099749001824_1.JPG","category":"Dairy, Eggs & Chilled Juice|Milk|Organic Milk"},{"store":"Supervalu","keyword":"milk","id":1014094000,"name":"Glenisk Organic Natural Yogurt With Milk (500 Grams)","price":1.94,"price_desc":"€3.88 per kg","image":"http://shop.supervalu.ie/shopping/images/products/small/5099749001923_1.JPG","category":"Dairy, Eggs & Chilled Juice|Yogurts & Desserts|Organic"},{"store":"Supervalu","keyword":"milk","id":1014104000,"name":"Glenisk Fresh Goats Milk (1 Litre)","price":2.75,"price_desc":"€2.75 per litre","image":"http://shop.supervalu.ie/shopping/images/products/small/5099749001817_1.JPG","category":"Dairy, Eggs & Chilled Juice|Milk|Goats Milk"},{"store":"Supervalu","keyword":"milk","id":1014107000,"name":"Glenisk Fresh Organic Low Fat Milk (1 Litre)","price":1.58,"price_desc":"€1.58 per litre","image":"http://shop.supervalu.ie/shopping/images/products/small/5099749001831_1.JPG","category":"Dairy, Eggs & Chilled Juice|Milk|Organic Milk"},{"store":"Supervalu","keyword":"milk","id":1018389000,"name":"Avonmore Light Milk (1 Litre)","price":1.32,"price_desc":"€1.32 per litre","image":"http://shop.supervalu.ie/shopping/images/products/small/5011056020398_1.JPG","category":"Dairy, Eggs & Chilled Juice|Milk|Low Fat Milk"},{"store":"Supervalu","keyword":"milk","id":1018390000,"name":"Avonmore Milk Carton (1 Litre)","price":1.24,"price_desc":"€1.24 per litre","image":"http://shop.supervalu.ie/shopping/images/products/small/5011056020350_1.JPG","category":"Dairy, Eggs & Chilled Juice|Milk|Whole Milk"},{"store":"Supervalu","keyword":"milk","id":1018390001,"name":"Avonmore Milk Plastic (1 Litre)","price":1.24,"price_desc":"€1.24 per litre","image":"http://shop.supervalu.ie/shopping/images/products/small/5011056020374_1.JPG","category":"Dairy, Eggs & Chilled Juice|Milk|Whole Milk"},{"store":"Supervalu","keyword":"milk","id":1018392000,"name":"Avonmore Low Fat Supermilk (1 Litre)","price":1.44,"price_desc":"€1.44 per litre","image":"http://shop.supervalu.ie/shopping/images/products/small/5011056020428_1.JPG","category":"Dairy, Eggs & Chilled Juice|Milk|Fortified Milk"},{"store":"Supervalu","keyword":"milk","id":1018393000,"name":"Avonmore Butter Milk (1 Litre)","price":1.1,"price_desc":"€1.10 per litre","image":"http://shop.supervalu.ie/shopping/images/products/small/5011056020015_1.JPG","category":"Dairy, Eggs & Chilled Juice|Milk|Buttermilk"},{"store":"Supervalu","keyword":"milk","id":1019541001,"name":"Yakult Light Fermented Milk Drink (65 Millilitre)","price":3.65,"price_desc":"€8.02 per kg","image":"http://shop.supervalu.ie/shopping/images/products/small/8713108010032_1.JPG","category":"Dairy, Eggs & Chilled Juice|Yogurts & Desserts|Health Drinks"},{"store":"Supervalu","keyword":"milk","id":1020370000,"name":"Avonmore Light Milk (2 Litre)","price":1.89,"price_desc":"€0.95 per litre","image":"http://shop.supervalu.ie/shopping/images/products/small/5011056020220_1.JPG","category":"Dairy, Eggs & Chilled Juice|Milk|Low Fat Milk"},{"store":"Supervalu","keyword":"milk","id":1020718000,"name":"Premier Milk (2 Litre)","price":1.89,"price_desc":"€0.95 per litre","image":"http://shop.supervalu.ie/shopping/images/products/small/5011024002463_1.JPG","category":"Dairy, Eggs & Chilled Juice|Milk|Whole Milk"},{"store":"Supervalu","keyword":"milk","id":1020719000,"name":"Premier Milk (1 Litre)","price":1.06,"price_desc":"€1.06 per litre","image":"http://shop.supervalu.ie/shopping/images/products/small/5011024002050_1.JPG","category":"Dairy, Eggs & Chilled Juice|Milk|Whole Milk"},{"store":"Supervalu","keyword":"milk","id":1020721000,"name":"Premier Low Fat Milk (1 Litre)","price":1.15,"price_desc":"€1.15 per litre","image":"http://shop.supervalu.ie/shopping/images/products/small/5011024002401_1.JPG","category":"Dairy, Eggs & Chilled Juice|Milk|Low Fat Milk"},{"store":"Supervalu","keyword":"milk","id":1020723000,"name":"Premier Low Fat Milk (2 Litre)","price":1.89,"price_desc":"€0.95 per litre","image":"http://shop.supervalu.ie/shopping/images/products/small/5011024001244_1.JPG","category":"Dairy, Eggs & Chilled Juice|Milk|Low Fat Milk"},{"store":"Supervalu","keyword":"milk","id":1022803000,"name":"Avonmore Fresh Milk (500 Millilitre)","price":0.71,"price_desc":"€1.42 per litre","image":"http://shop.supervalu.ie/shopping/images/products/small/5011056020206_1.JPG","category":"Dairy, Eggs & Chilled Juice|Milk|Whole Milk"},{"store":"Supervalu","keyword":"milk","id":1022824000,"name":"Avonmore Low Fat Super Milk (500 Millilitre)","price":0.76,"price_desc":"€1.52 per litre","image":"http://shop.supervalu.ie/shopping/images/products/small/5011056020282_1.JPG","category":"Dairy, Eggs & Chilled Juice|Milk|Fortified Milk"},{"store":"Supervalu","keyword":"milk","id":1022847000,"name":"Avonmore Slimline Milk (500 Millilitre)","price":0.76,"price_desc":"€1.52 per litre","image":"http://shop.supervalu.ie/shopping/images/products/small/5011056020473_1.JPG","category":"Dairy, Eggs & Chilled Juice|Milk|Skimmed Milk"},{"store":"Supervalu","keyword":"milk","id":1023202000,"name":"Kinder Milk Slice Multipack 5'S (28 Grams)","price":2.25,"price_desc":"€16.07 per kg","image":"http://shop.supervalu.ie/shopping/images/products/small/0000040084794_1.JPG","category":"Yogurts & Desserts|Kids Yogurts & Desserts|Desserts"},{"store":"Supervalu","keyword":"milk","id":1023272000,"name":"Cuinneog Natural Buttermilk (1 Litre)","price":1.69,"price_desc":"€1.69 per litre","image":"http://shop.supervalu.ie/shopping/images/products/small/5098867000214_1.JPG","category":"Dairy, Eggs & Chilled Juice|Milk|Buttermilk"},{"store":"Supervalu","keyword":"milk","id":1024126000,"name":"Avonmore Slimline Milk (1 Litre)","price":1.15,"price_desc":"€1.15 per litre","image":"http://shop.supervalu.ie/shopping/images/products/small/5011056020046_1.JPG","category":"Dairy, Eggs & Chilled Juice|Milk|Skimmed Milk"},{"store":"Supervalu","keyword":"milk","id":1024767000,"name":"Nestle Milky Bar Dessert 2 Pk (70 Grams)","price":1,"price_desc":"€0.71 per 100grm","image":"http://shop.supervalu.ie/shopping/images/products/small/3023290470855_1.JPG","category":"Yogurts & Desserts|Kids Yogurts & Desserts|Desserts"},{"store":"Supervalu","keyword":"milk","id":1025460000,"name":"SuperValu Fresh Milk (2 Litre)","price":1.49,"price_desc":"€0.75 per litre","image":"http://shop.supervalu.ie/shopping/images/products/small/5099839041358_1.JPG","category":"Dairy, Eggs & Chilled Juice|Milk|Whole Milk"},{"store":"Supervalu","keyword":"milk","id":1025461000,"name":"SuperValu Light Milk (2 Litre)","price":1.49,"price_desc":"€0.75 per litre","image":"http://shop.supervalu.ie/shopping/images/products/small/5099839041365_1.JPG","category":"Dairy, Eggs & Chilled Juice|Milk|Low Fat Milk"},{"store":"Supervalu","keyword":"milk","id":1025756000,"name":"Alpro Soya Fresh Milk (1 Litre)","price":1.9,"price_desc":"€1.90 per litre","image":"http://shop.supervalu.ie/shopping/images/products/small/5411188091912_1.JPG","category":"Dairy, Eggs & Chilled Juice|Milk|Soya Milk"},{"store":"Supervalu","keyword":"milk","id":1039164000,"name":"SuperValu Organic Low Fat Milk (1 Litre)","price":1.19,"price_desc":"€1.19 per litre","image":"http://shop.supervalu.ie/shopping/images/products/small/5099839296567_1.JPG","category":"Dairy, Eggs & Chilled Juice|Milk|Organic Milk"},{"store":"Supervalu","keyword":"milk","id":1039166000,"name":"SuperValu Organic Milk (1 Litre)","price":0.99,"price_desc":"€0.99 per litre","image":"http://shop.supervalu.ie/shopping/images/products/small/5099839296550_1.JPG","category":"Dairy, Eggs & Chilled Juice|Milk|Organic Milk"},{"store":"Supervalu","keyword":"milk","id":1040062000,"name":"SuperValu Fresh Milk (1 Litre)","price":0.75,"price_desc":"€0.75 per litre","image":"http://shop.supervalu.ie/shopping/images/products/small/5099839287916_1.JPG","category":"Dairy, Eggs & Chilled Juice|Milk|Whole Milk"},{"store":"Supervalu","keyword":"milk","id":1040219000,"name":"SuperValu Fresh Milk (500 Millilitre)","price":0.52,"price_desc":"€1.04 per litre","image":"http://shop.supervalu.ie/shopping/images/products/small/5099839287909_1.JPG","category":"Dairy, Eggs & Chilled Juice|Milk|Whole Milk"},{"store":"Supervalu","keyword":"milk","id":1045818000,"name":"SuperValu Light Milk (500 Millilitre)","price":0.52,"price_desc":"€1.04 per litre","image":"http://shop.supervalu.ie/shopping/images/products/small/5099839306389_1.JPG","category":"Dairy, Eggs & Chilled Juice|Milk|Low Fat Milk"},{"store":"Supervalu","keyword":"milk","id":1045844000,"name":"SuperValu Light Milk (1 Litre)","price":0.75,"price_desc":"€0.75 per litre","image":"http://shop.supervalu.ie/shopping/images/products/small/5099839306396_1.JPG","category":"Dairy, Eggs & Chilled Juice|Milk|Low Fat Milk"},{"store":"Supervalu","keyword":"milk","id":1048842000,"name":"Avonmore Milk Lactose Free (1 Litre)","price":1.99,"price_desc":"€1.99 per litre","image":"http://shop.supervalu.ie/shopping/images/products/small/5011056021746_1.JPG","category":"Dairy, Eggs & Chilled Juice|Milk|Fortified Milk"},{"store":"Supervalu","keyword":"milk","id":1050587000,"name":"Avonmore Whole Super Milk (1 Litre)","price":1.44,"price_desc":"€1.44 per litre","image":"http://shop.supervalu.ie/shopping/images/products/small/5011056021760_1.JPG","category":"Dairy, Eggs & Chilled Juice|Milk|Fortified Milk"},{"store":"Supervalu","keyword":"milk","id":1075739000,"name":"SuperValu Buttermilk (1 Litre)","price":0.85,"price_desc":"€0.85 per litre","image":"http://shop.supervalu.ie/shopping/images/products/small/5099839306587_1.JPG","category":"Dairy, Eggs & Chilled Juice|Milk|Buttermilk"},{"store":"Supervalu","keyword":"milk","id":1120773000,"name":"SuperValu Light Milk (3 Litre)","price":2.19,"price_desc":"€0.73 per litre","image":"http://shop.supervalu.ie/shopping/images/products/small/5099839320811_1.JPG","category":"Dairy, Eggs & Chilled Juice|Milk|Low Fat Milk"},{"store":"Supervalu","keyword":"milk","id":1183884000,"name":"Avonmore Whole Super Milk (1.75 Litre)","price":1.99,"price_desc":"€1.14 per litre","image":"http://shop.supervalu.ie/shopping/images/products/small/5011056021852_1.JPG","category":"Dairy, Eggs & Chilled Juice|Milk|Fortified Milk"},{"store":"Supervalu","keyword":"milk","id":1183884001,"name":"Avonmore Low Fat Super Milk (1.75 Litre)","price":1.99,"price_desc":"€1.14 per litre","image":"http://shop.supervalu.ie/shopping/images/products/small/5011056021845_1.JPG","category":"Dairy, Eggs & Chilled Juice|Milk|Fortified Milk"},{"store":"Supervalu","keyword":"milk","id":1211767000,"name":"Avonmore Light 1% Milk (2.75 Litre)","price":2.49,"price_desc":"€0.91 per litre","image":"http://shop.supervalu.ie/shopping/images/products/small/5011056021876_1.JPG","category":"Dairy, Eggs & Chilled Juice|Milk|Fortified Milk"},{"store":"Supervalu","keyword":"milk","id":1241578000,"name":"Avonmore Fresh Milk (2.75 Litre)","price":2.49,"price_desc":"€0.91 per litre","image":"http://shop.supervalu.ie/shopping/images/products/small/5011056021869_1.JPG","category":"Dairy, Eggs & Chilled Juice|Milk|Fortified Milk"},{"store":"Supervalu","keyword":"milk","id":1251085000,"name":"Mooju Milk Chocolate Carton (250 Millilitre)","price":0.75,"price_desc":"€0.00 per litre","image":"http://shop.supervalu.ie/shopping/images/products/small/5011056022026_1.JPG","category":"Dairy, Eggs & Chilled Juice|Milk|Flavoured Milk & Drinks"},{"store":"Supervalu","keyword":"milk","id":1254171001,"name":"SuperValu Wholemilk Strawberry Yogurt 4 Pack (125 Grams)","price":1.49,"price_desc":"€2.98 per kg","image":"http://shop.supervalu.ie/shopping/images/products/small/5099839357305_1.JPG","category":"Yogurts & Desserts|Everyday Yogurts|Multipacks"},{"store":"Supervalu","keyword":"milk","id":1254682000,"name":"Avonmore Heart Active Milk (1 Litre)","price":1.79,"price_desc":"€1.79 per litre","image":"http://shop.supervalu.ie/shopping/images/products/small/5011056022132_1.JPG","category":"Dairy, Eggs & Chilled Juice|Milk|Whole Milk"},{"store":"Supervalu","keyword":"milk","id":1291904000,"name":"SuperValu Carton Skimmed Milk (1 Litre)","price":0.79,"price_desc":"€0.79 per litre","image":"http://shop.supervalu.ie/shopping/images/products/small/5099839365263_1.JPG","category":"Dairy, Eggs & Chilled Juice|Milk|Skimmed Milk"},{"store":"Supervalu","keyword":"milk","id":1291908000,"name":"SuperValu Carton Low Fat Milk (1 Litre)","price":0.75,"price_desc":"€0.75 per litre","image":"http://shop.supervalu.ie/shopping/images/products/small/5099839365249_1.JPG","category":"Dairy, Eggs & Chilled Juice|Milk|Low Fat Milk"},{"store":"Supervalu","keyword":"milk","id":1292391000,"name":"SuperValu Carton Whole MIlk (1 Litre)","price":0.75,"price_desc":"€0.75 per litre","image":"http://shop.supervalu.ie/shopping/images/products/small/5099839365232_1.JPG","category":"Dairy, Eggs & Chilled Juice|Milk|Whole Milk"},{"store":"Supervalu","keyword":"milk","id":1293986000,"name":"SuperValu Light Milk + Tetra Fortified (1 Litre)","price":0.95,"price_desc":"€0.95 per litre","image":"http://shop.supervalu.ie/shopping/images/products/small/5099839365256_1.JPG","category":"Dairy, Eggs & Chilled Juice|Milk|Fortified Milk"},{"store":"Supervalu","keyword":"milk","id":1333266000,"name":"Mooju Milk Strawberry Carton (750 Millilitre)","price":1.59,"price_desc":"€2.12 per litre","image":"http://shop.supervalu.ie/shopping/images/products/small/5011056022033_1.JPG","category":"Dairy, Eggs & Chilled Juice|Milk|Flavoured Milk & Drinks"},{"store":"Supervalu","keyword":"milk","id":1333266001,"name":"Mooju Milk Chocolate Carton (750 Millilitre)","price":1.59,"price_desc":"€2.12 per litre","image":"http://shop.supervalu.ie/shopping/images/products/small/5011056022019_1.JPG","category":"Dairy, Eggs & Chilled Juice|Milk|Flavoured Milk & Drinks"},{"store":"Supervalu","keyword":"milk","id":1355156000,"name":"Little Milk Company Mild Cheese (130 Grams)","price":3.99,"price_desc":"€30.69 per kg","image":null,"category":"Dairy, Eggs & Chilled Juice|Cheese|Farmhouse"},{"store":"Supervalu","keyword":"milk","id":1355164000,"name":"Little Milk Company Vintage Cheese (120 Grams)","price":3.99,"price_desc":"€33.25 per kg","image":null,"category":"Dairy, Eggs & Chilled Juice|Cheese|Farmhouse"},{"store":"Supervalu","keyword":"milk","id":1384036000,"name":"Avonmore Protein Milk (1 Litre)","price":1.89,"price_desc":"€18.90 per litre","image":"http://shop.supervalu.ie/shopping/images/products/small/5011056022262_1.JPG","category":"Dairy, Eggs & Chilled Juice|Milk|Fortified Milk"},{"store":"Supervalu","keyword":"milk","id":1388803000,"name":"Little Milk Co Irish Organic Brie (150 Grams)","price":3.99,"price_desc":"€26.60 per kg","image":null,"category":"Cheese|Continental|Brie"},{"store":"Supervalu","keyword":"milk","id":1397274000,"name":"Little Milk Co Vintg Org Cheddar (1 Kilogram)","price":27.5,"price_desc":"€27.50 per kg","image":null,"category":"Deli & Breakfast|Deli - Cheese|Soft"},{"store":"Supervalu","keyword":"milk","id":1397285000,"name":"Organic Brie (Little Milk Co) Bulk (1 Kilogram)","price":27.5,"price_desc":"€27.50 per kg","image":null,"category":"Deli & Breakfast|Deli - Cheese|Soft"},{"store":"Supervalu","keyword":"milk","id":1414801000,"name":"Mooju Chocolate Milk (500 Millilitre)","price":1.19,"price_desc":"€2.38 per litre","image":"http://shop.supervalu.ie/shopping/images/products/small/5011056022347_1.JPG","category":"Dairy, Eggs & Chilled Juice|Milk|Flavoured Milk & Drinks"},{"store":"Supervalu","keyword":"milk","id":1414850000,"name":"Avonmore Protein Milk (500 Millilitre)","price":0.99,"price_desc":"€1.98 per litre","image":"http://shop.supervalu.ie/shopping/images/products/small/5011056022330_1.JPG","category":"Dairy, Eggs & Chilled Juice|Milk|Fortified Milk"},{"store":"Supervalu","keyword":"milk","id":1438713000,"name":"Mullerlight Corner Toffee With Milk Choc Balls (428 Grams)","price":2,"price_desc":"€4.67 per kg","image":"http://shop.supervalu.ie/shopping/images/products/small/4025500189655_1.JPG","category":"Dairy, Eggs & Chilled Juice|Yogurts & Desserts|Luxury"},{"store":"Tesco","keyword":"milk","id":250000335,"name":"Avonmore Milk 500Ml","price":0.71,"price_desc":"€1.42/l","image":"http://img.tesco.ie/Groceries/pi/206\\5011056020206\\IDShot_225x225.jpg","category":"Fresh Food|Milk, Butter & Eggs|Fresh Milk"},{"store":"Tesco","keyword":"milk","id":250000750,"name":"Avonmore Supermilk L.F. 1Ltr","price":1.44,"price_desc":"€1.44/l","image":"http://img.tesco.ie/Groceries/pi/428\\5011056020428\\IDShot_225x225.jpg","category":"Fresh Food|Milk, Butter & Eggs|Fresh Milk"},{"store":"Tesco","keyword":"milk","id":250000813,"name":"Premier Milk 1 Litre","price":1.06,"price_desc":"€1.06/l","image":"http://img.tesco.ie/Groceries/pi/050\\5011024002050\\IDShot_225x225.jpg","category":"Fresh Food|Milk, Butter & Eggs|Fresh Milk"},{"store":"Tesco","keyword":"milk","id":250000842,"name":"Avonmore Butter Milk 1Ltr","price":1.1,"price_desc":"€1.10/l","image":"http://img.tesco.ie/Groceries/pi/015\\5011056020015\\IDShot_225x225.jpg","category":"Fresh Food|Milk, Butter & Eggs|Fresh Milk"},{"store":"Tesco","keyword":"milk","id":250001069,"name":"Premier Low Fat Milk 1Ltr","price":1.15,"price_desc":"€1.15/l","image":"http://img.tesco.ie/Groceries/pi/401\\5011024002401\\IDShot_225x225.jpg","category":"Fresh Food|Milk, Butter & Eggs|Fresh Milk"},{"store":"Tesco","keyword":"milk","id":250004423,"name":"Avonmore Fresh Milk (Tt) 1Ltr","price":1.24,"price_desc":"€1.24/l","image":"http://img.tesco.ie/Groceries/pi/374\\5011056020374\\IDShot_225x225.jpg","category":"Fresh Food|Milk, Butter & Eggs|Fresh Milk"},{"store":"Tesco","keyword":"milk","id":250004452,"name":"Avonmore Fresh Milk (Tb) 1Ltr","price":1.24,"price_desc":"€1.24/l","image":"http://img.tesco.ie/Groceries/pi/350\\5011056020350\\IDShot_225x225.jpg","category":"Fresh Food|Milk, Butter & Eggs|Fresh Milk"},{"store":"Tesco","keyword":"milk","id":250004481,"name":"Tesco Low Fat Milk 1Ltr","price":0.75,"price_desc":"€0.75/l","image":"http://img.tesco.ie/Groceries/pi/274\\5011100650274\\IDShot_225x225.jpg","category":"Fresh Food|Milk, Butter & Eggs|Fresh Milk"},{"store":"Tesco","keyword":"milk","id":250004498,"name":"Tesco Fresh Milk 1Ltr","price":0.75,"price_desc":"€0.75/l","image":"http://img.tesco.ie/Groceries/pi/243\\5011100650243\\IDShot_225x225.jpg","category":"Fresh Food|Milk, Butter & Eggs|Fresh Milk"},{"store":"Tesco","keyword":"milk","id":250004694,"name":"Avonmore Milk 2 Litre","price":1.89,"price_desc":"€0.95/l","image":"http://img.tesco.ie/Groceries/pi/053\\5011056020053\\IDShot_225x225.jpg","category":"Fresh Food|Milk, Butter & Eggs|Fresh Milk"},{"store":"Tesco","keyword":"milk","id":250004728,"name":"Premier Milk Plastic Bottle 2 Litre","price":1.89,"price_desc":"€0.95/l","image":"http://img.tesco.ie/Groceries/pi/463\\5011024002463\\IDShot_225x225.jpg","category":"Fresh Food|Milk, Butter & Eggs|Fresh Milk"},{"store":"Tesco","keyword":"milk","id":250005324,"name":"Premier Low Fat Milk 2 Litre","price":1.89,"price_desc":"€0.95/l","image":"http://img.tesco.ie/Groceries/pi/244\\5011024001244\\IDShot_225x225.jpg","category":"Fresh Food|Milk, Butter & Eggs|Fresh Milk"},{"store":"Tesco","keyword":"milk","id":250005416,"name":"Avonmore Fresh Light Milk 2 Litre","price":1.89,"price_desc":"€0.95/l","image":"http://img.tesco.ie/Groceries/pi/220\\5011056020220\\IDShot_225x225.jpg","category":"Fresh Food|Milk, Butter & Eggs|Fresh Milk"},{"store":"Tesco","keyword":"milk","id":250005508,"name":"Tesco Low Fat Milk 2 Litre","price":1.49,"price_desc":"€0.75/l","image":"http://img.tesco.ie/Groceries/pi/267\\5011100650267\\IDShot_225x225.jpg","category":"Fresh Food|Milk, Butter & Eggs|Fresh Milk"},{"store":"Tesco","keyword":"milk","id":250005606,"name":"Tesco Fresh Milk 2 Litre","price":1.49,"price_desc":"€0.75/l","image":"http://img.tesco.ie/Groceries/pi/236\\5011100650236\\IDShot_225x225.jpg","category":"Fresh Food|Milk, Butter & Eggs|Fresh Milk"},{"store":"Tesco","keyword":"milk","id":250800834,"name":"Cuinneog Natural Butter Milk 1L","price":1.69,"price_desc":"€0.17/100ml","image":"http://img.tesco.ie/Groceries/pi/214\\5098867000214\\IDShot_225x225.jpg","category":"Fresh Food|Milk, Butter & Eggs|Fresh Milk"},{"store":"Tesco","keyword":"milk","id":251354317,"name":"Yakult Fermented Milk Drink 7X65ml","price":3.65,"price_desc":"€0.80/100ml","image":"http://img.tesco.ie/Groceries/pi/033\\8713108000033\\IDShot_225x225.jpg","category":"Fresh Food|Yoghurt|Yoghurt Drinks"},{"store":"Tesco","keyword":"milk","id":251523947,"name":"Alpro Original Soya Longlife Milk Alternative 1L","price":2.15,"price_desc":"€2.15/l","image":"http://img.tesco.ie/Groceries/pi/191\\5411188083191\\IDShot_225x225.jpg","category":"Fresh Food|Milk, Butter & Eggs|Fresh Milk"},{"store":"Tesco","keyword":"milk","id":252098117,"name":"Organic Rice Dream Longlife Milk Alternative 1L","price":2.15,"price_desc":"€2.15/l","image":"http://img.tesco.ie/Groceries/pi/108\\0084253333108\\IDShot_225x225.jpg","category":"Fresh Food|Milk, Butter & Eggs|Fresh Milk"},{"store":"Tesco","keyword":"milk","id":252098146,"name":"Rice Dream Longlife Milk Alternative 1L","price":2.35,"price_desc":"€2.35/l","image":"http://img.tesco.ie/Groceries/pi/122\\0084253333122\\IDShot_225x225.jpg","category":"Fresh Food|Milk, Butter & Eggs|Fresh Milk"},{"store":"Tesco","keyword":"milk","id":253178655,"name":"Alpro Unsweetend Soya Longlife Milk Alternative 1L","price":2.35,"price_desc":"€2.35/l","image":"http://img.tesco.ie/Groceries/pi/996\\5411188079996\\IDShot_225x225.jpg","category":"Fresh Food|Milk, Butter & Eggs|Fresh Milk"},{"store":"Tesco","keyword":"milk","id":253530336,"name":"Yakult Light Milk Drink 7X65ml","price":3.65,"price_desc":"€0.80/100ml","image":"http://img.tesco.ie/Groceries/pi/032\\8713108010032\\IDShot_225x225.jpg","category":"Fresh Food|Yoghurt|Yoghurt Drinks"},{"store":"Tesco","keyword":"milk","id":254196107,"name":"Alpro Organic Soya Longlife Milk Alternative 1L","price":2.5,"price_desc":"€2.50/l","image":"http://img.tesco.ie/Groceries/pi/137\\5411188511137\\IDShot_225x225.jpg","category":"Fresh Food|Milk, Butter & Eggs|Fresh Milk"},{"store":"Tesco","keyword":"milk","id":254628272,"name":"Avonmore Fresh Milk 500Ml","price":0.71,"price_desc":"€1.42/l","image":"http://img.tesco.ie/Groceries/pi/985\\5011056020985\\IDShot_225x225.jpg","category":"Fresh Food|Milk, Butter & Eggs|Fresh Milk"},{"store":"Tesco","keyword":"milk","id":255360580,"name":"Avonmore Super Milk L.F. 500Ml","price":0.76,"price_desc":"€1.52/l","image":"http://img.tesco.ie/Groceries/pi/282\\5011056020282\\IDShot_225x225.jpg","category":"Fresh Food|Milk, Butter & Eggs|Fresh Milk"},{"store":"Tesco","keyword":"milk","id":255360764,"name":"Avonmore Slimline Milk 500 Ml","price":0.76,"price_desc":"€1.52/l","image":"http://img.tesco.ie/Groceries/pi/473\\5011056020473\\IDShot_225x225.jpg","category":"Fresh Food|Milk, Butter & Eggs|Fresh Milk"},{"store":"Tesco","keyword":"milk","id":255769120,"name":"Alpro Chocolate Soya Fresh Milk Alternative 1L","price":2.05,"price_desc":"€2.05/l","image":"http://img.tesco.ie/Groceries/pi/626\\5411188093626\\IDShot_225x225.jpg","category":"Fresh Food|Milk, Butter & Eggs|Fresh Milk"},{"store":"Tesco","keyword":"milk","id":256201376,"name":"Tesco Fresh Organic Milk 1L","price":0.99,"price_desc":"€0.99/l","image":"http://img.tesco.ie/Groceries/pi/120\\5010204094120\\IDShot_225x225.jpg","category":"Fresh Food|Milk, Butter & Eggs|Fresh Milk"},{"store":"Tesco","keyword":"milk","id":256201468,"name":"Tesco Fresh Organic Low Fat Milk 1L","price":0.99,"price_desc":"€0.99/l","image":"http://img.tesco.ie/Groceries/pi/175\\5010204094175\\IDShot_225x225.jpg","category":"Fresh Food|Milk, Butter & Eggs|Fresh Milk"},{"store":"Tesco","keyword":"milk","id":256438810,"name":"Tesco Sweetened Soya Milk Alternative 1Ltr","price":0.85,"price_desc":"€0.85/l","image":"http://img.tesco.ie/Groceries/pi/356\\5018374105356\\IDShot_225x225.jpg","category":"Fresh Food|Milk, Butter & Eggs|Fresh Milk"},{"store":"Tesco","keyword":"milk","id":258295433,"name":"T.E/Day Value Skimmed Longlife Milk 1L","price":0.89,"price_desc":"€0.89/l","image":"http://img.tesco.ie/Groceries/pi/466\\5018374321466\\IDShot_225x225.jpg","category":"Fresh Food|Milk, Butter & Eggs|Fresh Milk"},{"store":"Tesco","keyword":"milk","id":258878182,"name":"Alpro Light Soya Fresh Milk Alternative 1L","price":1.8,"price_desc":"€1.80/l","image":"http://img.tesco.ie/Groceries/pi/327\\5411188097327\\IDShot_225x225.jpg","category":"Fresh Food|Milk, Butter & Eggs|Fresh Milk"},{"store":"Tesco","keyword":"milk","id":259366628,"name":"Lactofree Longlife Whole Milk 1L","price":2.05,"price_desc":"€2.05/l","image":"http://img.tesco.ie/Groceries/pi/907\\5000181030907\\IDShot_225x225.jpg","category":"Fresh Food|Milk, Butter & Eggs|Fresh Milk"},{"store":"Tesco","keyword":"milk","id":260350066,"name":"Tesco Fresh Milk 500Ml","price":0.52,"price_desc":"€0.10/100ml","image":"http://img.tesco.ie/Groceries/pi/418\\5051140199418\\IDShot_225x225.jpg","category":"Fresh Food|Milk, Butter & Eggs|Fresh Milk"},{"store":"Tesco","keyword":"milk","id":260350279,"name":"Tesco Fortified Skimmed Milk 1 Litre","price":0.85,"price_desc":"€0.09/100ml","image":"http://img.tesco.ie/Groceries/pi/555\\5051140199555\\IDShot_225x225.jpg","category":"Fresh Food|Milk, Butter & Eggs|Fresh Milk"},{"store":"Tesco","keyword":"milk","id":260350544,"name":"Tesco Fortified Milk 1 Litre","price":0.95,"price_desc":"€0.10/100ml","image":"http://img.tesco.ie/Groceries/pi/661\\5051140199661\\IDShot_225x225.jpg","category":"Fresh Food|Milk, Butter & Eggs|Fresh Milk"},{"store":"Tesco","keyword":"milk","id":260556595,"name":"Alpro Light Soya Longlife Milk Alternative 1Lt","price":2.15,"price_desc":"€2.15/l","image":"http://img.tesco.ie/Groceries/pi/297\\5411188097297\\IDShot_225x225.jpg","category":"Fresh Food|Milk, Butter & Eggs|Fresh Milk"},{"store":"Tesco","keyword":"milk","id":260776455,"name":"Tesco Full Fat Milk 3Ltr","price":2.19,"price_desc":"€0.07/100ml","image":"http://img.tesco.ie/Groceries/pi/881\\5051140544881\\IDShot_225x225.jpg","category":"Fresh Food|Milk, Butter & Eggs|Fresh Milk"},{"store":"Tesco","keyword":"milk","id":261642366,"name":"Alpro Organic Soya Fresh Milk Alternative 1L","price":2.59,"price_desc":"€2.59/l","image":"http://img.tesco.ie/Groceries/pi/225\\5411188100225\\IDShot_225x225.jpg","category":"Fresh Food|Milk, Butter & Eggs|Fresh Milk"},{"store":"Tesco","keyword":"milk","id":262043248,"name":"Munch Bunch Whole Milk Fruit Variety 4X100g","price":1.5,"price_desc":"€0.38/100g","image":"http://img.tesco.ie/Groceries/pi/166\\7613031419166\\IDShot_225x225.jpg","category":"Fresh Food|Yoghurt|Yoghurts"},{"store":"Tesco","keyword":"milk","id":262085221,"name":"Alpro Original Soya Fresh Milk Alternative 1L","price":1.9,"price_desc":"€1.51/l","image":"http://img.tesco.ie/Groceries/pi/912\\5411188091912\\IDShot_225x225.jpg","category":"Fresh Food|Milk, Butter & Eggs|Fresh Milk"},{"store":"Tesco","keyword":"milk","id":262218993,"name":"Tesco Butter Milk 1 Litre","price":0.79,"price_desc":"€0.08/100ml","image":"http://img.tesco.ie/Groceries/pi/736\\5051399239736\\IDShot_225x225.jpg","category":"Fresh Food|Dairy Alternatives & Cholesterol Reducing|Dairy Alternatives"},{"store":"Tesco","keyword":"milk","id":262373502,"name":"Glenisk Organic Whole Milk 1L","price":1.69,"price_desc":"€1.69/l","image":"http://img.tesco.ie/Groceries/pi/824\\5099749001824\\IDShot_225x225.jpg","category":"Fresh Food|Milk, Butter & Eggs|Fresh Milk"},{"store":"Tesco","keyword":"milk","id":262373525,"name":"Glenisk Fresh Goats Milk 1Litre","price":2.75,"price_desc":"€2.75/l","image":"http://img.tesco.ie/Groceries/pi/817\\5099749001817\\IDShot_225x225.jpg","category":"Fresh Food|Dairy Alternatives & Cholesterol Reducing|Dairy Alternatives"},{"store":"Tesco","keyword":"milk","id":264395179,"name":"Cadbury Milk Buttons Twinpot 90G","price":1.09,"price_desc":"€1.22/100g","image":"http://img.tesco.ie/Groceries/pi/073\\4025500138073\\IDShot_225x225.jpg","category":"Fresh Food|Chilled Desserts|Individual Desserts"},{"store":"Tesco","keyword":"milk","id":264395277,"name":"Cadbury Milk Chunks Twinpot 90G","price":1.09,"price_desc":"€1.22/100g","image":"http://img.tesco.ie/Groceries/pi/950\\4025500138950\\IDShot_225x225.jpg","category":"Fresh Food|Chilled Desserts|Individual Desserts"},{"store":"Tesco","keyword":"milk","id":264849398,"name":"Avonmore Lacto Free Milk 1L","price":1.99,"price_desc":"€0.20/100ml","image":"http://img.tesco.ie/Groceries/pi/746\\5011056021746\\IDShot_225x225.jpg","category":"Fresh Food|Milk, Butter & Eggs|Fresh Milk"},{"store":"Tesco","keyword":"milk","id":265021425,"name":"Avonmore Whole Super Milk 1 Litre","price":1.44,"price_desc":"€0.14/100ml","image":"http://img.tesco.ie/Groceries/pi/760\\5011056021760\\IDShot_225x225.jpg","category":"Fresh Food|Milk, Butter & Eggs|Fresh Milk"},{"store":"Tesco","keyword":"milk","id":266526691,"name":"Ferrero Kinder Milk Slice 28G","price":0.62,"price_desc":"€2.22/100g","image":"http://img.tesco.ie/Groceries/pi/725\\0000040084725\\IDShot_225x225.jpg","category":"Fresh Food|Yoghurt|Yoghurts"},{"store":"Tesco","keyword":"milk","id":266526915,"name":"Ferrero Kinder Milk Slice 5 X 28G","price":2.25,"price_desc":"€1.61/100g","image":"http://img.tesco.ie/Groceries/pi/794\\0000040084794\\IDShot_225x225.jpg","category":"Fresh Food|Yoghurt|Yoghurts"},{"store":"Tesco","keyword":"milk","id":266600067,"name":"Tesco Low Fat Milk 3L","price":2.19,"price_desc":"€0.07/100ml","image":"http://img.tesco.ie/Groceries/pi/676\\5052004843676\\IDShot_225x225.jpg","category":"Fresh Food|Milk, Butter & Eggs|Fresh Milk"},{"store":"Tesco","keyword":"milk","id":266985774,"name":"Tesco Low Fat Milk 500Ml Bottle","price":0.52,"price_desc":"€0.10/100ml","image":"http://img.tesco.ie/Groceries/pi/405\\5052319196405\\IDShot_225x225.jpg","category":"Fresh Food|Milk, Butter & Eggs|Fresh Milk"},{"store":"Tesco","keyword":"milk","id":267513727,"name":"Organic For Us Organic Whole Milk 2 Litre","price":2.55,"price_desc":"€0.13/100ml","image":"http://img.tesco.ie/Groceries/pi/885\\5099477000885\\IDShot_225x225.jpg","category":"Fresh Food|Milk, Butter & Eggs|Fresh Milk"},{"store":"Tesco","keyword":"milk","id":267513860,"name":"Organic For Us Organic Low Fat Milk 2 Litre","price":2.55,"price_desc":"€0.13/100ml","image":"http://img.tesco.ie/Groceries/pi/892\\5099477000892\\IDShot_225x225.jpg","category":"Fresh Food|Milk, Butter & Eggs|Fresh Milk"},{"store":"Tesco","keyword":"milk","id":268260995,"name":"Avonmore Whole Super Milk 1.75L","price":1.99,"price_desc":"€0.11/100ml","image":"http://img.tesco.ie/Groceries/pi/852\\5011056021852\\IDShot_225x225.jpg","category":"Fresh Food|Milk, Butter & Eggs|Fresh Milk"},{"store":"Tesco","keyword":"milk","id":268261084,"name":"Avonmore Low Fat Supermilk 1.75L","price":1.99,"price_desc":"€0.11/100ml","image":"http://img.tesco.ie/Groceries/pi/845\\5011056021845\\IDShot_225x225.jpg","category":"Fresh Food|Milk, Butter & Eggs|Fresh Milk"},{"store":"Tesco","keyword":"milk","id":268526175,"name":"Avonmore Light 1% Milk 2.75L","price":2.49,"price_desc":"€0.09/100ml","image":"http://img.tesco.ie/Groceries/pi/876\\5011056021876\\IDShot_225x225.jpg","category":"Fresh Food|Milk, Butter & Eggs|Fresh Milk"},{"store":"Tesco","keyword":"milk","id":268526774,"name":"Avonmore Fresh Milk 2.75L","price":2.49,"price_desc":"€0.09/100ml","image":"http://img.tesco.ie/Groceries/pi/869\\5011056021869\\IDShot_225x225.jpg","category":"Fresh Food|Milk, Butter & Eggs|Fresh Milk"},{"store":"Tesco","keyword":"milk","id":268675470,"name":"Tesco Skim Milk 1 Litre","price":0.75,"price_desc":"€0.08/100ml","image":"http://img.tesco.ie/Groceries/pi/810\\5052320800810\\IDShot_225x225.jpg","category":"Fresh Food|Milk, Butter & Eggs|Fresh Milk"},{"store":"Tesco","keyword":"milk","id":268767576,"name":"Nestle Milky Bar Dessert 2X70g","price":1.49,"price_desc":"€1.07/100g","image":"http://img.tesco.ie/Groceries/pi/855\\3023290470855\\IDShot_225x225.jpg","category":"Fresh Food|Chilled Desserts|Individual Desserts"},{"store":"Tesco","keyword":"milk","id":272012512,"name":"Alpro Almond Longlife Milk Alternative 1L","price":2.5,"price_desc":"€2.50/l","image":"http://img.tesco.ie/Groceries/pi/835\\5411188110835\\IDShot_225x225.jpg","category":"Fresh Food|Milk, Butter & Eggs|Fresh Milk"},{"store":"Tesco","keyword":"milk","id":272012817,"name":"Alpro Hazelnut Longlife Milk Alternative 1L","price":2.5,"price_desc":"€2.50/l","image":"http://img.tesco.ie/Groceries/pi/842\\5411188110842\\IDShot_225x225.jpg","category":"Fresh Food|Milk, Butter & Eggs|Fresh Milk"},{"store":"Tesco","keyword":"milk","id":272103255,"name":"Alpro Almond Fresh Milk Alternative 1L","price":2.49,"price_desc":"€2.49/l","image":"http://img.tesco.ie/Groceries/pi/859\\5411188110859\\IDShot_225x225.jpg","category":"Fresh Food|Milk, Butter & Eggs|Fresh Milk"},{"store":"Tesco","keyword":"milk","id":272103606,"name":"Alpro Hazelnut Fresh Milk Alternative 1L","price":2.49,"price_desc":"€2.49/l","image":"http://img.tesco.ie/Groceries/pi/866\\5411188110866\\IDShot_225x225.jpg","category":"Fresh Food|Milk, Butter & Eggs|Fresh Milk"},{"store":"Tesco","keyword":"milk","id":272260194,"name":"Oat Dream Milk Alternative 1L","price":2.49,"price_desc":"€2.49/l","image":"http://img.tesco.ie/Groceries/pi/584\\5425000197584\\IDShot_225x225.jpg","category":"Fresh Food|Milk, Butter & Eggs|Fresh Milk"},{"store":"Tesco","keyword":"milk","id":272276199,"name":"Avonmore Chrsl Reducing Milk 1L","price":1.79,"price_desc":"€1.79/l","image":"http://img.tesco.ie/Groceries/pi/132\\5011056022132\\IDShot_225x225.jpg","category":"Fresh Food|Milk, Butter & Eggs|Fresh Milk"},{"store":"Tesco","keyword":"milk","id":272310384,"name":"Mooju Milk Chocolate Carton 750Ml","price":1.59,"price_desc":"€2.12/l","image":"http://img.tesco.ie/Groceries/pi/019\\5011056022019\\IDShot_225x225.jpg","category":"Fresh Food|Milk, Butter & Eggs|Fresh Milk"},{"store":"Tesco","keyword":"milk","id":272310637,"name":"Mooju Milk Strwberry Carton 750Ml","price":1.59,"price_desc":"€2.12/l","image":"http://img.tesco.ie/Groceries/pi/033\\5011056022033\\IDShot_225x225.jpg","category":"Fresh Food|Milk, Butter & Eggs|Fresh Milk"},{"store":"Tesco","keyword":"milk","id":272315908,"name":"Mooju Milk Chocolate Carton 250Ml","price":0.77,"price_desc":"€3.08/l","image":"http://img.tesco.ie/Groceries/pi/026\\5011056022026\\IDShot_225x225.jpg","category":"Fresh Food|Milk, Butter & Eggs|Fresh Milk"},{"store":"Tesco","keyword":"milk","id":272316003,"name":"Mooju Milk Strawberry Carton 250Ml","price":0.77,"price_desc":"€3.08/l","image":"http://img.tesco.ie/Groceries/pi/040\\5011056022040\\IDShot_225x225.jpg","category":"Fresh Food|Milk, Butter & Eggs|Fresh Milk"},{"store":"Tesco","keyword":"milk","id":275290171,"name":"Frijj Chocolate Fudge Brownie Milkshake 471Ml","price":1.85,"price_desc":"€0.39/100ml","image":"http://img.tesco.ie/Groceries/pi/088\\5000295144088\\IDShot_225x225.jpg","category":"Fresh Food|Milk, Butter & Eggs|Fresh Milk"},{"store":"Tesco","keyword":"milk","id":280084206,"name":"Frijj Limited Edition Cookie Dough Milkshake 471Ml","price":1.85,"price_desc":"€0.39/100ml","image":"http://img.tesco.ie/Groceries/pi/259\\5000295146259\\IDShot_225x225.jpg","category":"Fresh Food|Milk, Butter & Eggs|Fresh Milk"},{"store":"Tesco","keyword":"milk","id":284071181,"name":"Avonmore Protein Milk 1Litre","price":1.89,"price_desc":"€1.89/l","image":"http://img.tesco.ie/Groceries/pi/262\\5011056022262\\IDShot_225x225.jpg","category":"Fresh Food|Milk, Butter & Eggs|Fresh Milk"},{"store":"Tesco","keyword":"milk","id":286348462,"name":"Avonmore Mooju Chocolate Milk 500Ml","price":1.2,"price_desc":"€2.40/l","image":"http://img.tesco.ie/Groceries/pi/347\\5011056022347\\IDShot_225x225.jpg","category":"Fresh Food|Milk, Butter & Eggs|Fresh Milk"},{"store":"Tesco","keyword":"milk","id":286348577,"name":"Avonmore Protein Milk 500Ml","price":1,"price_desc":"€2.00/l","image":"http://img.tesco.ie/Groceries/pi/330\\5011056022330\\IDShot_225x225.jpg","category":"Fresh Food|Milk, Butter & Eggs|Fresh Milk"},{"store":"Tesco","keyword":"milk","id":286689985,"name":"Nesquik Snack (Milk And Yoghurt Filling) 104G","price":2.1,"price_desc":"€20.20/kg","image":"http://img.tesco.ie/Groceries/pi/088\\8033629405088\\IDShot_225x225.jpg","category":"Fresh Food|Yoghurt|Yoghurts"},{"store":"Tesco","keyword":"milk","id":288000482,"name":"Muller Light Goodies Toffee Milk Chocolate 4 Pack","price":2,"price_desc":"€0.50/each","image":"http://img.tesco.ie/Groceries/pi/655\\4025500189655\\IDShot_225x225.jpg","category":"Fresh Food|Yoghurt|Yoghurts"},{"store":"Tesco","keyword":"milk","id":289286982,"name":"Yazoo Chilled Banana Milkshake 400Ml","price":1,"price_desc":"€0.25/100ml","image":"http://img.tesco.ie/Groceries/pi/543\\5410438036543\\IDShot_225x225.jpg","category":"Fresh Food|Milk, Butter & Eggs|Fresh Milk"},{"store":"Tesco","keyword":"milk","id":289287085,"name":"Yazoo Chilled Chocolate Milkshake 400Ml","price":1,"price_desc":"€0.25/100ml","image":"http://img.tesco.ie/Groceries/pi/482\\5410438036482\\IDShot_225x225.jpg","category":"Fresh Food|Milk, Butter & Eggs|Fresh Milk"},{"store":"Tesco","keyword":"milk","id":289287091,"name":"Yazoo Chilled Strawberry Milkshake 400Ml","price":1,"price_desc":"€0.25/100ml","image":"http://img.tesco.ie/Groceries/pi/420\\5410438036420\\IDShot_225x225.jpg","category":"Fresh Food|Milk, Butter & Eggs|Fresh Milk"},{"store":"Supervalu","keyword":"cheese","id":1000294000,"name":"Durrus Large Cheese Unpasteurised (1 Kilogram)","price":24,"price_desc":"€24.00 per kg","image":null,"category":"Deli & Breakfast|Deli - Cheese|Soft"},{"store":"Supervalu","keyword":"cheese","id":1000374000,"name":"Laughing Cow Cheese Extra Light (140 Grams)","price":1.99,"price_desc":"€14.21 per kg","image":"http://shop.supervalu.ie/shopping/images/products/small/3073780914338_1.JPG","category":"Dairy, Eggs & Chilled Juice|Cheese|Singles, Spreads & Blocks"},{"store":"Supervalu","keyword":"cheese","id":1000628000,"name":"Low Low Grated Cheese Cheddar & Mozzarella (200 Grams)","price":3,"price_desc":"€15.00 per kg","image":"http://shop.supervalu.ie/shopping/images/products/small/5011069103453_1.JPG","category":"Dairy, Eggs & Chilled Juice|Cheese|Grated & Sliced"},{"store":"Supervalu","keyword":"cheese","id":1004237001,"name":"Kilmeaden Fully Mature White Cheese (200 Grams)","price":2.99,"price_desc":"€14.95 per kg","image":"http://shop.supervalu.ie/shopping/images/products/small/5011056042192_1.JPG","category":"Dairy, Eggs & Chilled Juice|Cheese|White Cheddar"},{"store":"Supervalu","keyword":"cheese","id":1005076000,"name":"SuperValu Medium Red Block Cheese (200 Grams)","price":2,"price_desc":"€10.00 per kg","image":"http://shop.supervalu.ie/shopping/images/products/small/5099839232282_1.JPG","category":"Dairy, Eggs & Chilled Juice|Cheese|Red Cheddar"},{"store":"Supervalu","keyword":"cheese","id":1005077000,"name":"SuperValu Red Cheddar Medium Cheese Block (400 Grams)","price":3,"price_desc":"€7.50 per kg","image":"http://shop.supervalu.ie/shopping/images/products/small/5099839232305_1.JPG","category":"Dairy, Eggs & Chilled Juice|Cheese|Red Cheddar"},{"store":"Supervalu","keyword":"cheese","id":1005084000,"name":"Kilmeden Red Cheddar Cheese Block (400 Grams)","price":5.99,"price_desc":"€14.98 per kg","image":"http://shop.supervalu.ie/shopping/images/products/small/5011056041027_1.JPG","category":"Dairy, Eggs & Chilled Juice|Cheese|Red Cheddar"},{"store":"Supervalu","keyword":"cheese","id":1005096000,"name":"Dubliner Cheese Block White (200 Grams)","price":3,"price_desc":"€15.00 per kg","image":"http://shop.supervalu.ie/shopping/images/products/small/5390413006603_1.JPG","category":"Dairy, Eggs & Chilled Juice|Cheese|White Cheddar"},{"store":"Supervalu","keyword":"cheese","id":1006333000,"name":"Laughing Cow Cheese 8 Portions (140 Grams)","price":1.99,"price_desc":"€14.21 per kg","image":"http://shop.supervalu.ie/shopping/images/products/small/3073780774130_1.JPG","category":"Dairy, Eggs & Chilled Juice|Cheese|Singles, Spreads & Blocks"},{"store":"Supervalu","keyword":"cheese","id":1006334000,"name":"Laughing Cow Light Cheese 8 Portion (140 Grams)","price":1.99,"price_desc":"€14.21 per kg","image":"http://shop.supervalu.ie/shopping/images/products/small/3073780689014_1.JPG","category":"Dairy, Eggs & Chilled Juice|Cheese|Snacks"},{"store":"Supervalu","keyword":"cheese","id":1007566000,"name":"SuperValu Medium White Cheddar Cheese Slices (200 Grams)","price":2,"price_desc":"€10.00 per kg","image":"http://shop.supervalu.ie/shopping/images/products/small/5099839256356_1.JPG","category":"Dairy, Eggs & Chilled Juice|Cheese|Grated & Sliced"},{"store":"Supervalu","keyword":"cheese","id":1007665004,"name":"Moypark Chicken Kiev Cheese & Bacon pm (283 Grams)","price":3.99,"price_desc":"€14.10 per kg","image":"http://shop.supervalu.ie/shopping/images/products/small/5010069794319_1.JPG","category":"Meat, Poultry & Seafood|Breaded Poultry|Kievs"},{"store":"Supervalu","keyword":"cheese","id":1009891001,"name":"Dairylea Lunchables Ham & Cheese Stackems (102 Grams)","price":2.06,"price_desc":"€20.20 per kg","image":"http://shop.supervalu.ie/shopping/images/products/small/7622300497996_1.JPG","category":"Dairy, Eggs & Chilled Juice|Cheese|Snacks"},{"store":"Supervalu","keyword":"cheese","id":1012439000,"name":"Cahills Porter Cheese (1 Kilogram)","price":19,"price_desc":"€19.00 per kg","image":null,"category":"Deli & Breakfast|Deli - Cheese|Cheddar"},{"store":"Supervalu","keyword":"cheese","id":1012442001,"name":"Crozier Irish Blue Cheese (1 Kilogram)","price":24,"price_desc":"€24.00 per kg","image":null,"category":"Deli & Breakfast|Deli - Cheese|Blue"},{"store":"Supervalu","keyword":"cheese","id":1014471000,"name":"SuperValu Goats Cheese & Red Onion Bruschetta (220 Grams)","price":4.5,"price_desc":"€20.45 per kg","image":"http://shop.supervalu.ie/shopping/images/products/small/5099839271946_1.JPG","category":"Fresh Food|Chilled Convenience|Party Foods"},{"store":"Supervalu","keyword":"cheese","id":1014822000,"name":"SuperValu Coleslaw With Cheese (225 Grams)","price":1.5,"price_desc":"€6.67 per kg","image":"http://shop.supervalu.ie/shopping/images/products/small/5099839271007_1.JPG","category":"Chilled Convenience|Pre-pack Salads|Coleslaw"},{"store":"Supervalu","keyword":"cheese","id":1016574000,"name":"SuperValu Mature Cheese Block White (200 Grams)","price":2,"price_desc":"€10.00 per kg","image":"http://shop.supervalu.ie/shopping/images/products/small/5099839232350_1.JPG","category":"Dairy, Eggs & Chilled Juice|Cheese|White Cheddar"},{"store":"Supervalu","keyword":"cheese","id":1016577000,"name":"SuperValu Medium Cheese Block White (200 Grams)","price":2,"price_desc":"€10.00 per kg","image":"http://shop.supervalu.ie/shopping/images/products/small/5099839232299_1.JPG","category":"Dairy, Eggs & Chilled Juice|Cheese|White Cheddar"},{"store":"Supervalu","keyword":"cheese","id":1016591000,"name":"SuperValu Medium Cheese Block White (400 Grams)","price":3,"price_desc":"€7.50 per kg","image":"http://shop.supervalu.ie/shopping/images/products/small/5099839232312_1.JPG","category":"Dairy, Eggs & Chilled Juice|Cheese|White Cheddar"},{"store":"Supervalu","keyword":"cheese","id":1016594000,"name":"SuperValu Medium Cheese Sliced Red (200 Grams)","price":2,"price_desc":"€10.00 per kg","image":"http://shop.supervalu.ie/shopping/images/products/small/5099839232343_1.JPG","category":"Dairy, Eggs & Chilled Juice|Cheese|Grated & Sliced"},{"store":"Supervalu","keyword":"cheese","id":1016595000,"name":"SuperValu Medium Cheese Grated Red Cheddar (200 Grams)","price":2,"price_desc":"€10.00 per kg","image":"http://shop.supervalu.ie/shopping/images/products/small/5099839232367_1.JPG","category":"Dairy, Eggs & Chilled Juice|Cheese|Grated & Sliced"},{"store":"Supervalu","keyword":"cheese","id":1016595001,"name":"SuperValu Medium Cheese Grated Red & Mozzarella (200 Grams)","price":2,"price_desc":"€10.00 per kg","image":"http://shop.supervalu.ie/shopping/images/products/small/5099839232374_1.JPG","category":"Dairy, Eggs & Chilled Juice|Cheese|Grated & Sliced"},{"store":"Supervalu","keyword":"cheese","id":1016595002,"name":"SuperValu Medium Cheese Grated White Cheddar (200 Grams)","price":2,"price_desc":"€10.00 per kg","image":"http://shop.supervalu.ie/shopping/images/products/small/5099839256349_1.JPG","category":"Dairy, Eggs & Chilled Juice|Cheese|Grated & Sliced"},{"store":"Supervalu","keyword":"cheese","id":1017095000,"name":"Calvita Cheese Singles 20s (340 Grams)","price":3.59,"price_desc":"€10.56 per kg","image":"http://shop.supervalu.ie/shopping/images/products/small/5011037304271_1.JPG","category":"Dairy, Eggs & Chilled Juice|Cheese|Singles, Spreads & Blocks"},{"store":"Supervalu","keyword":"cheese","id":1017175001,"name":"SuperValu Cheese & Garlic Toasties 8s (270 Grams)","price":2.29,"price_desc":"€8.48 per kg","image":"http://shop.supervalu.ie/shopping/images/products/small/5099839355486_1.JPG","category":"Fresh Food|Chilled Convenience|Garlic Breads"},{"store":"Supervalu","keyword":"cheese","id":1017698001,"name":"SuperValu Fresh Pasta Cheese Tomato Ravioli (250 Grams)","price":2.49,"price_desc":"€1.00 per 100grm","image":"http://shop.supervalu.ie/shopping/images/products/small/5099839326868_1.JPG","category":"Chilled Convenience|Pizza, Pasta & Sauces|Pasta"},{"store":"Supervalu","keyword":"cheese","id":1017939000,"name":"Galberts Garlic Bread & Mozzarella Cheese Toasties (230 Grams)","price":2.99,"price_desc":"€13.00 per kg","image":"http://shop.supervalu.ie/shopping/images/products/small/5391501222509_1.JPG","category":"Fresh Food|Chilled Convenience|Garlic Breads"},{"store":"Supervalu","keyword":"cheese","id":1019874000,"name":"Boursin Garlic & Herb Cheese Light (125 Grams)","price":3.55,"price_desc":"€28.40 per kg","image":"http://shop.supervalu.ie/shopping/images/products/small/3175460000239_1.JPG","category":"Cheese|Continental|Boursin"},{"store":"Supervalu","keyword":"cheese","id":1019902000,"name":"Cambozola Cheese (1 Kilogram)","price":22.5,"price_desc":"€22.50 per kg","image":"http://shop.supervalu.ie/shopping/images/products/small/0274210000000_1.JPG","category":"Deli & Breakfast|Deli - Cheese|Blue"},{"store":"Supervalu","keyword":"cheese","id":1020443001,"name":"Rustler Quarter Pounder With Cheese (190 Grams)","price":2.25,"price_desc":"€11.84 per kg","image":"http://shop.supervalu.ie/shopping/images/products/small/5390605004073_1.JPG","category":"Chilled Convenience|Snacking|Single Serve BBQ & Grills"},{"store":"Supervalu","keyword":"cheese","id":1021678002,"name":"Dairylea Dunkers Jumbo Cheese Stick 4 Pack (47 Grams)","price":3.45,"price_desc":"€73.40 per kg","image":"http://shop.supervalu.ie/shopping/images/products/small/7622300219864_1.JPG","category":"Dairy, Eggs & Chilled Juice|Cheese|Snacks"},{"store":"Supervalu","keyword":"cheese","id":1021824000,"name":"Galtee Cheese Singles 10s (170 Grams)","price":1.97,"price_desc":"€11.59 per kg","image":"http://shop.supervalu.ie/shopping/images/products/small/5011037304257_1.JPG","category":"Dairy, Eggs & Chilled Juice|Cheese|Singles, Spreads & Blocks"},{"store":"Supervalu","keyword":"cheese","id":1023778000,"name":"Low Low Grated Cheese White (200 Grams)","price":3,"price_desc":"€15.00 per kg","image":"http://shop.supervalu.ie/shopping/images/products/small/5011069066130_1.JPG","category":"Dairy, Eggs & Chilled Juice|Cheese|Grated & Sliced"},{"store":"Supervalu","keyword":"cheese","id":1023802000,"name":"Mexicana Cheese (1 Kilogram)","price":23.54,"price_desc":"€23.54 per kg","image":"http://shop.supervalu.ie/shopping/images/products/small/0283330000005_1.JPG","category":"Deli & Breakfast|Deli - Cheese|Cheddar"},{"store":"Supervalu","keyword":"cheese","id":1024459000,"name":"Smoked Applewood Cheese (1 Kilogram)","price":22,"price_desc":"€22.00 per kg","image":"http://shop.supervalu.ie/shopping/images/products/small/0273260000008_1.JPG","category":"Deli & Breakfast|Deli - Cheese|Cheddar"},{"store":"Supervalu","keyword":"cheese","id":1024739000,"name":"Dubliner Red Cheese Block (200 Grams)","price":3,"price_desc":"€15.00 per kg","image":"http://shop.supervalu.ie/shopping/images/products/small/5390413006627_1.JPG","category":"Dairy, Eggs & Chilled Juice|Cheese|Red Cheddar"},{"store":"Supervalu","keyword":"cheese","id":1025193000,"name":"Dunbarra Soft Cheese (180 Grams)","price":3.79,"price_desc":"€21.06 per kg","image":"http://shop.supervalu.ie/shopping/images/products/small/5390492000011_1.JPG","category":"Cheese|Continental|Other White"},{"store":"Supervalu","keyword":"cheese","id":1025249001,"name":"Cheesestrings Original 4 Pack (20 Grams)","price":1.5,"price_desc":"€18.75 per kg","image":"http://shop.supervalu.ie/shopping/images/products/small/5000187130908_1.JPG","category":"Dairy, Eggs & Chilled Juice|Cheese|Snacks"},{"store":"Supervalu","keyword":"cheese","id":1025249002,"name":"Cheesestrings Original 8 Pack (20 Grams)","price":3,"price_desc":"€18.75 per kg","image":"http://shop.supervalu.ie/shopping/images/products/small/5000187130946_1.JPG","category":"Dairy, Eggs & Chilled Juice|Cheese|Snacks"},{"store":"Supervalu","keyword":"cheese","id":1026129000,"name":"Old Mc Donnell Goats Cheese  Ado390 (280 Grams)","price":4.99,"price_desc":"€18.48 per kg","image":null,"category":"Dairy, Eggs & Chilled Juice|Cheese|Goats Cheese"},{"store":"Supervalu","keyword":"cheese","id":1027080000,"name":"Dunbarra Peppered Cheese (180 Grams)","price":3.89,"price_desc":"€21.61 per kg","image":null,"category":"Dairy, Eggs & Chilled Juice|Cheese|Farmhouse"},{"store":"Supervalu","keyword":"cheese","id":1033910000,"name":"SuperValu Light Red Sliced Cheddar Cheese (200 Grams)","price":2,"price_desc":"€10.00 per kg","image":"http://shop.supervalu.ie/shopping/images/products/small/5099839287664_1.JPG","category":"Dairy, Eggs & Chilled Juice|Cheese|Grated & Sliced"},{"store":"Supervalu","keyword":"cheese","id":1033911000,"name":"SuperValu Light Red Grated Cheddar Cheese (200 Grams)","price":2,"price_desc":"€10.00 per kg","image":"http://shop.supervalu.ie/shopping/images/products/small/5099839287657_1.JPG","category":"Dairy, Eggs & Chilled Juice|Cheese|Grated & Sliced"},{"store":"Supervalu","keyword":"cheese","id":1035041000,"name":"SuperValu Mozzarella Cheese Slices (150 Grams)","price":2,"price_desc":"€13.33 per kg","image":"http://shop.supervalu.ie/shopping/images/products/small/5099839293832_1.JPG","category":"Dairy, Eggs & Chilled Juice|Cheese|Grated & Sliced"},{"store":"Supervalu","keyword":"cheese","id":1035045000,"name":"SuperValu Emmental Cheese Slices (150 Grams)","price":2,"price_desc":"€13.33 per kg","image":"http://shop.supervalu.ie/shopping/images/products/small/5099839293818_1.JPG","category":"Dairy, Eggs & Chilled Juice|Cheese|Grated & Sliced"},{"store":"Supervalu","keyword":"cheese","id":1035052000,"name":"SuperValu Edam Cheese Slices (150 Grams)","price":2,"price_desc":"€13.33 per kg","image":"http://shop.supervalu.ie/shopping/images/products/small/5099839293825_1.JPG","category":"Dairy, Eggs & Chilled Juice|Cheese|Grated & Sliced"},{"store":"Supervalu","keyword":"cheese","id":1035055000,"name":"SuperValu Gouda Cheese Slices (150 Grams)","price":2,"price_desc":"€13.33 per kg","image":"http://shop.supervalu.ie/shopping/images/products/small/5099839293801_1.JPG","category":"Dairy, Eggs & Chilled Juice|Cheese|Grated & Sliced"},{"store":"Supervalu","keyword":"cheese","id":1036574001,"name":"Glenilen Farm Lemon Cheesecake (100 Grams)","price":1.75,"price_desc":"€1.75 per 100grm","image":"http://shop.supervalu.ie/shopping/images/products/small/5391508960572_1.JPG","category":"Yogurts & Desserts|Adult Desserts|Single Serve Cheesecake"},{"store":"Supervalu","keyword":"cheese","id":1039007000,"name":"SuperValu Mature Red Cheddar Cheese Block (600 Grams)","price":4,"price_desc":"€6.67 per kg","image":"http://shop.supervalu.ie/shopping/images/products/small/5099839304040_1.JPG","category":"Dairy, Eggs & Chilled Juice|Cheese|Red Cheddar"},{"store":"Supervalu","keyword":"cheese","id":1040653001,"name":"Goats Boilie Cheese with Garlic Infused Oil (180 Grams)","price":2.99,"price_desc":"€16.61 per kg","image":"http://shop.supervalu.ie/shopping/images/products/small/5021085000711_1.JPG","category":"Dairy, Eggs & Chilled Juice|Cheese|Goats Cheese"},{"store":"Supervalu","keyword":"cheese","id":1051527000,"name":"1paysan Breton Luxury Creamy Cheese (150 Grams)","price":2.2,"price_desc":"€14.67 per kg","image":"http://shop.supervalu.ie/shopping/images/products/small/3236240070313_1.JPG","category":"Dairy, Eggs & Chilled Juice|Cheese|Cooking Cheese"},{"store":"Supervalu","keyword":"cheese","id":1068427000,"name":"Wicklow Baun Cheese (150 Grams)","price":3.59,"price_desc":"€23.93 per kg","image":"http://shop.supervalu.ie/shopping/images/products/small/5391512650056_1.JPG","category":"Cheese|Continental|Brie"},{"store":"Supervalu","keyword":"cheese","id":1089202000,"name":"SuperValu Cheese Ploughmans (189 Grams)","price":3.25,"price_desc":"€17.20 per kg","image":"http://shop.supervalu.ie/shopping/images/products/small/5099839363191_1.JPG","category":"Chilled Convenience|Pre-pack Sandwich|Standard"},{"store":"Supervalu","keyword":"cheese","id":1105098000,"name":"Cashel Blue Cheese (125 Grams)","price":3.29,"price_desc":"€26.32 per kg","image":"http://shop.supervalu.ie/shopping/images/products/small/5099496000668_1.JPG","category":"Cheese|Continental|Other Blue"},{"store":"Supervalu","keyword":"cheese","id":1108885000,"name":"Carrigaline Farmhouse Natural Cheese (150 Grams)","price":3.99,"price_desc":"€26.60 per kg","image":"http://shop.supervalu.ie/shopping/images/products/small/5098769000770_1.JPG","category":"Dairy, Eggs & Chilled Juice|Cheese|Farmhouse"},{"store":"Supervalu","keyword":"cheese","id":1108887000,"name":"Carrigaline Farmhouse Cheese Garlic & Herb (150 Grams)","price":3.99,"price_desc":"€26.60 per kg","image":"http://shop.supervalu.ie/shopping/images/products/small/5098769000787_1.JPG","category":"Dairy, Eggs & Chilled Juice|Cheese|Farmhouse"},{"store":"Supervalu","keyword":"cheese","id":1110417000,"name":"Carrigaline Smoked Farmhouse Cheese (150 Grams)","price":3.99,"price_desc":"€26.60 per kg","image":"http://shop.supervalu.ie/shopping/images/products/small/5098769000817_1.JPG","category":"Dairy, Eggs & Chilled Juice|Cheese|Farmhouse"},{"store":"Supervalu","keyword":"cheese","id":1111172000,"name":"SuperValu  Smooth Cheddar Cheese (200 Grams)","price":2.49,"price_desc":"€12.45 per kg","image":"http://shop.supervalu.ie/shopping/images/products/small/5099839315800_1.JPG","category":"Dairy, Eggs & Chilled Juice|Cheese|White Cheddar"},{"store":"Supervalu","keyword":"cheese","id":1111853000,"name":"St Tola Divine Organic Goats Cheese (120 Grams)","price":4.99,"price_desc":"€41.58 per kg","image":"http://shop.supervalu.ie/shopping/images/products/small/5391505970062_1.JPG","category":"Dairy, Eggs & Chilled Juice|Cheese|Goats Cheese"},{"store":"Supervalu","keyword":"cheese","id":1161785000,"name":"SuperValu Signature Tastes Greek Feta Cheese (200 Grams)","price":3.65,"price_desc":"€18.25 per kg","image":"http://shop.supervalu.ie/shopping/images/products/small/5099474750004_1.JPG","category":"Dairy, Eggs & Chilled Juice|Cheese|Cooking Cheese"},{"store":"Supervalu","keyword":"cheese","id":1182251000,"name":"SuperValu Goats Cheese W/Mustard (70 Grams)","price":1,"price_desc":"€14.29 per kg","image":"http://shop.supervalu.ie/shopping/images/products/small/5099839327155_1.JPG","category":"Dairy, Eggs & Chilled Juice|Cheese|Goats Cheese"},{"store":"Supervalu","keyword":"cheese","id":1182337000,"name":"SuperValu Goats Cheese Natural (70 Grams)","price":1,"price_desc":"€14.29 per kg","image":"http://shop.supervalu.ie/shopping/images/products/small/5099839327148_1.JPG","category":"Dairy, Eggs & Chilled Juice|Cheese|Goats Cheese"},{"store":"Supervalu","keyword":"cheese","id":1187736000,"name":"St Tola Organic Goat's Cheese (1 Kilogram)","price":33.33,"price_desc":"€33.33 per kg","image":null,"category":"Deli & Breakfast|Deli - Cheese|Goats"},{"store":"Supervalu","keyword":"cheese","id":1187785000,"name":"St Killian Cheese (1 Kilogram)","price":16.67,"price_desc":"€16.67 per kg","image":null,"category":"Deli & Breakfast|Deli - Cheese|Soft"},{"store":"Supervalu","keyword":"cheese","id":1191012000,"name":"Mileens Cheese (1 Kilogram)","price":18.67,"price_desc":"€18.67 per kg","image":null,"category":"Deli & Breakfast|Deli - Cheese|Soft"},{"store":"Supervalu","keyword":"cheese","id":1204059000,"name":"Low Low Cheesespread (125 Grams)","price":1.99,"price_desc":"€15.92 per kg","image":"http://shop.supervalu.ie/shopping/images/products/small/5000187123054_1.JPG","category":"Dairy, Eggs & Chilled Juice|Cheese|Singles, Spreads & Blocks"},{"store":"Supervalu","keyword":"cheese","id":1204061000,"name":"Low Low Cheesespread (125 Grams)","price":1.99,"price_desc":"€15.92 per kg","image":"http://shop.supervalu.ie/shopping/images/products/small/5000187123030_1.JPG","category":"Dairy, Eggs & Chilled Juice|Cheese|Singles, Spreads & Blocks"},{"store":"Supervalu","keyword":"cheese","id":1209846000,"name":"SuperValu Parmigiano Reggiano Cheese Wedge (150 Grams)","price":2.99,"price_desc":"€19.93 per kg","image":"http://shop.supervalu.ie/shopping/images/products/small/5099839332319_1.JPG","category":"Dairy, Eggs & Chilled Juice|Cheese|Cooking Cheese"},{"store":"Supervalu","keyword":"cheese","id":1210139000,"name":"SuperValu Greek Feta Cheese (200 Grams)","price":1.5,"price_desc":"€7.50 per kg","image":"http://shop.supervalu.ie/shopping/images/products/small/5099839350290_1.JPG","category":"Dairy, Eggs & Chilled Juice|Cheese|Cooking Cheese"},{"store":"Supervalu","keyword":"cheese","id":1221521000,"name":"Charleville Spreadable Cheese (125 Grams)","price":1.99,"price_desc":"€15.92 per kg","image":"http://shop.supervalu.ie/shopping/images/products/small/5011069151348_1.JPG","category":"Dairy, Eggs & Chilled Juice|Cheese|Singles, Spreads & Blocks"},{"store":"Supervalu","keyword":"cheese","id":1221529000,"name":"Charleville Spread Cheese With Ham (125 Grams)","price":2.05,"price_desc":"€16.40 per kg","image":"http://shop.supervalu.ie/shopping/images/products/small/5011069151324_1.JPG","category":"Dairy, Eggs & Chilled Juice|Cheese|Singles, Spreads & Blocks"},{"store":"Supervalu","keyword":"cheese","id":1232842000,"name":"Cheesestrings Spaghetti 4pk (68 Grams)","price":1.5,"price_desc":"€5.51 per kg","image":"http://shop.supervalu.ie/shopping/images/products/small/5000187125669_1.JPG","category":"Dairy, Eggs & Chilled Juice|Cheese|Snacks"},{"store":"Supervalu","keyword":"cheese","id":1238462000,"name":"Bacon Cheese Baked (225 Grams)","price":2.5,"price_desc":"€11.11 per kg","image":null,"category":"Deli & Breakfast|Deli - Savouries|Ready To Heat Savouries"},{"store":"Supervalu","keyword":"cheese","id":1240312000,"name":"Italian 4 Cheese Pizza (400 Grams)","price":4.75,"price_desc":"€11.88 per kg","image":null,"category":"Chilled Convenience|Pizza, Pasta & Sauces|Pizza"},{"store":"Supervalu","keyword":"cheese","id":1250841000,"name":"SuperValu Parmesan Cheese Shavings (100 Grams)","price":3.15,"price_desc":"€31.50 per kg","image":"http://shop.supervalu.ie/shopping/images/products/small/5099839350313_1.JPG","category":"Dairy, Eggs & Chilled Juice|Cheese|Cooking Cheese"},{"store":"Supervalu","keyword":"cheese","id":1253212000,"name":"SuperValu Mature Red Cheddar Cheese Block (200 Grams)","price":2,"price_desc":"€10.00 per kg","image":"http://shop.supervalu.ie/shopping/images/products/small/5099839341380_1.JPG","category":"Dairy, Eggs & Chilled Juice|Cheese|Red Cheddar"},{"store":"Supervalu","keyword":"cheese","id":1253222000,"name":"SuperValu Mature Red Cheddar Cheese Grated (200 Grams)","price":2,"price_desc":"€10.00 per kg","image":"http://shop.supervalu.ie/shopping/images/products/small/5099839340826_1.JPG","category":"Dairy, Eggs & Chilled Juice|Cheese|Grated & Sliced"},{"store":"Supervalu","keyword":"cheese","id":1253249000,"name":"SuperValu Mature Red Cheddar Cheese Slices (200 Grams)","price":2,"price_desc":"€10.00 per kg","image":"http://shop.supervalu.ie/shopping/images/products/small/5099839353130_1.JPG","category":"Dairy, Eggs & Chilled Juice|Cheese|Grated & Sliced"},{"store":"Supervalu","keyword":"cheese","id":1269992000,"name":"Cheesestrings Twisted 8 pack (20 Grams)","price":3,"price_desc":"€18.75 per kg","image":"http://shop.supervalu.ie/shopping/images/products/small/5000187130953_1.JPG","category":"Dairy, Eggs & Chilled Juice|Cheese|Snacks"},{"store":"Supervalu","keyword":"cheese","id":1269992002,"name":"CheeseStrings Twisted  4 Pack (20 Grams)","price":1.5,"price_desc":"€18.75 per kg","image":"http://shop.supervalu.ie/shopping/images/products/small/5000187130915_1.JPG","category":"Dairy, Eggs & Chilled Juice|Cheese|Snacks"},{"store":"Supervalu","keyword":"cheese","id":1278807000,"name":"Avonmore Cottage Cheese Light (225 Grams)","price":1.6,"price_desc":"€7.11 per kg","image":"http://shop.supervalu.ie/shopping/images/products/small/5011056072212_1.JPG","category":"Dairy, Eggs & Chilled Juice|Cheese|Cottage & Cream Cheese"},{"store":"Supervalu","keyword":"cheese","id":1278807001,"name":"Avonmore Cottage Cheese Natural (225 Grams)","price":1.6,"price_desc":"€6.96 per kg","image":"http://shop.supervalu.ie/shopping/images/products/small/5011056072205_1.JPG","category":"Dairy, Eggs & Chilled Juice|Cheese|Cottage & Cream Cheese"},{"store":"Supervalu","keyword":"cheese","id":1297076000,"name":"Sv Sig Taste Cheese & Sun Dried Tomato Pantofola (200 Grams)","price":2.99,"price_desc":"€14.95 per kg","image":"http://shop.supervalu.ie/shopping/images/products/small/5099839362156_1.JPG","category":"Fresh Food|Chilled Convenience|Garlic Breads"},{"store":"Supervalu","keyword":"cheese","id":1320955000,"name":"Cashel Blue Cream Cheese (200 Grams)","price":3.29,"price_desc":"€16.45 per kg","image":"http://shop.supervalu.ie/shopping/images/products/small/5099496002228_1.JPG","category":"Cheese|Continental|Other Blue"},{"store":"Supervalu","keyword":"cheese","id":1321169000,"name":"Charleville Block White Cheese (350 Grams)","price":5.99,"price_desc":"€17.11 per kg","image":"http://shop.supervalu.ie/shopping/images/products/small/5011069163877_1.JPG","category":"Dairy, Eggs & Chilled Juice|Cheese|White Cheddar"},{"store":"Supervalu","keyword":"cheese","id":1334670000,"name":"SuperValu Ricotta Cheese (250 Grams)","price":1.49,"price_desc":"€5.96 per kg","image":"http://shop.supervalu.ie/shopping/images/products/small/5099839575600_1.JPG","category":"Dairy, Eggs & Chilled Juice|Cheese|Cooking Cheese"},{"store":"Supervalu","keyword":"cheese","id":1334691000,"name":"SuperValu Mascarpone Cheese (250 Grams)","price":1.49,"price_desc":"€5.96 per kg","image":"http://shop.supervalu.ie/shopping/images/products/small/5099839367854_1.JPG","category":"Dairy, Eggs & Chilled Juice|Cheese|Cooking Cheese"},{"store":"Supervalu","keyword":"cheese","id":1346848000,"name":"SuperValu Signature Tastes Cashel Blue Cheese (125 Grams)","price":2.39,"price_desc":"€19.12 per kg","image":"http://shop.supervalu.ie/shopping/images/products/small/5099839583469_1.JPG","category":"Cheese|Continental|Other Blue"},{"store":"Supervalu","keyword":"cheese","id":1346851000,"name":"SuperValu Signature Tastes Vintage White Cheese (200 Grams)","price":2.69,"price_desc":"€13.45 per kg","image":"http://shop.supervalu.ie/shopping/images/products/small/5099839580079_1.JPG","category":"Dairy, Eggs & Chilled Juice|Cheese|White Cheddar"},{"store":"Supervalu","keyword":"cheese","id":1346852000,"name":"SuperValu French Brie Cheese (185 Grams)","price":2.5,"price_desc":"€13.51 per kg","image":"http://shop.supervalu.ie/shopping/images/products/small/5099839584015_1.JPG","category":"Cheese|Continental|Brie"},{"store":"Supervalu","keyword":"cheese","id":1347327000,"name":"SuperValu Comte Cheese (200 Grams)","price":3.5,"price_desc":"€17.50 per kg","image":"http://shop.supervalu.ie/shopping/images/products/small/5011050107521_1.JPG","category":"Dairy, Eggs & Chilled Juice|Cheese|Farmhouse"},{"store":"Supervalu","keyword":"cheese","id":1347374000,"name":"SuperValu Wensleydale & Cranberries Cheese (150 Grams)","price":2.5,"price_desc":"€16.67 per kg","image":"http://shop.supervalu.ie/shopping/images/products/small/5011050109334_1.JPG","category":"Dairy, Eggs & Chilled Juice|Cheese|Farmhouse"},{"store":"Supervalu","keyword":"cheese","id":1347642000,"name":"Supervalu Signature Tastes Gortnamona Goats Cheese (150 Grams)","price":3.99,"price_desc":"€26.60 per kg","image":"http://shop.supervalu.ie/shopping/images/products/small/5099839580468_1.JPG","category":"Dairy, Eggs & Chilled Juice|Cheese|Goats Cheese"},{"store":"Supervalu","keyword":"cheese","id":1348748000,"name":"SuperValu Smoked Cheese Silces (150 Grams)","price":2,"price_desc":"€13.33 per kg","image":"http://shop.supervalu.ie/shopping/images/products/small/5099839574382_1.JPG","category":"Dairy, Eggs & Chilled Juice|Cheese|Grated & Sliced"},{"store":"Supervalu","keyword":"cheese","id":1348755000,"name":"SuperValu Mediterranean Cheese Slices (150 Grams)","price":2,"price_desc":"€13.33 per kg","image":"http://shop.supervalu.ie/shopping/images/products/small/5099839581342_1.JPG","category":"Dairy, Eggs & Chilled Juice|Cheese|Grated & Sliced"},{"store":"Supervalu","keyword":"cheese","id":1352191003,"name":"Sv Goats Cheese & Red Onion Relish 12\" (Cold) (1 Piece)","price":6,"price_desc":"€6.00 each","image":null,"category":"Deli & Breakfast|Deli - Cold Pizza|Take Home"},{"store":"Supervalu","keyword":"cheese","id":1355156000,"name":"Little Milk Company Mild Cheese (130 Grams)","price":3.99,"price_desc":"€30.69 per kg","image":null,"category":"Dairy, Eggs & Chilled Juice|Cheese|Farmhouse"},{"store":"Supervalu","keyword":"cheese","id":1355164000,"name":"Little Milk Company Vintage Cheese (120 Grams)","price":3.99,"price_desc":"€33.25 per kg","image":null,"category":"Dairy, Eggs & Chilled Juice|Cheese|Farmhouse"},{"store":"Supervalu","keyword":"cheese","id":1367800000,"name":"Charleville Red & White Grated Cheese (350 Grams)","price":5.99,"price_desc":"€17.11 per kg","image":"http://shop.supervalu.ie/shopping/images/products/small/5011069165420_1.JPG","category":"Dairy, Eggs & Chilled Juice|Cheese|Grated & Sliced"},{"store":"Supervalu","keyword":"cheese","id":1368901000,"name":"Dubliner Mature Cheese [2.3-2.7kgm (1 Kilogram)","price":15,"price_desc":"€15.00 per kg","image":null,"category":"Deli & Breakfast|Deli - Cheese|Cheddar"},{"store":"Supervalu","keyword":"cheese","id":1369240000,"name":"Lime & Chilli Cheese (1 Kilogram)","price":26,"price_desc":"€26.00 per kg","image":null,"category":"Deli & Breakfast|Deli - Cheese|Soft"},{"store":"Supervalu","keyword":"cheese","id":1397410003,"name":"Prepared For You Irish Cream Cheesecake (90 Grams)","price":1.5,"price_desc":"€0.02 per g","image":null,"category":"Yogurts & Desserts|Adult Desserts|Continental Chilled Desserts"},{"store":"Supervalu","keyword":"cheese","id":1400004000,"name":"Killeen Farmhouse Cheese (1 Kilogram)","price":23.49,"price_desc":"€23.49 per kg","image":null,"category":"Deli & Breakfast|Deli - Cheese|Hard"},{"store":"Supervalu","keyword":"cheese","id":1402890000,"name":"SuperValu Mini Mozzarella Cheese Balls (120 Grams)","price":1.6,"price_desc":"€13.33 per kg","image":"http://shop.supervalu.ie/shopping/images/products/small/5099839596223_1.JPG","category":"Dairy, Eggs & Chilled Juice|Cheese|Cooking Cheese"},{"store":"Supervalu","keyword":"cheese","id":1403269001,"name":"Toffutti Cheddar Style Cheese (152 Grams)","price":3.39,"price_desc":"€22.30 per kg","image":"http://shop.supervalu.ie/shopping/images/products/small/5060016652223_1.JPG","category":"Cheese|Continental|Other White"},{"store":"Supervalu","keyword":"cheese","id":1414867000,"name":"Wexford Cheese Red (1 Kilogram)","price":8.99,"price_desc":"€8.99 per kg","image":null,"category":"Deli & Breakfast|Deli - Cheese|Cheddar"},{"store":"Supervalu","keyword":"cheese","id":1502628000,"name":"Golden Acre Quark Soft Cheese (250 Grams)","price":1.89,"price_desc":"€7.56 per kg","image":"http://shop.supervalu.ie/shopping/images/products/small/5060188690054_1.JPG","category":"Dairy, Eggs & Chilled Juice|Cheese|Cooking Cheese"},{"store":"Supervalu","keyword":"cheese","id":1510586000,"name":"SuperValu Grated Mozzarella Cheese (200 Grams)","price":2,"price_desc":"€10.00 per kg","image":"http://shop.supervalu.ie/shopping/images/products/small/5099839341137_1.JPG","category":"Dairy, Eggs & Chilled Juice|Cheese|Grated & Sliced"},{"store":"Tesco","keyword":"cheese","id":250354970,"name":"Laughing Cow Cheese Triangles 280G","price":3.99,"price_desc":"€14.25/kg","image":"http://img.tesco.ie/Groceries/pi/242\\3073780574242\\IDShot_225x225.jpg","category":"Fresh Food|Cheese|Cheese Spreads & Snacks"},{"store":"Tesco","keyword":"cheese","id":250692966,"name":"Boursin Full Fat Soft Cheese Garlic Herb 150G","price":3.65,"price_desc":"€24.34/kg","image":"http://img.tesco.ie/Groceries/pi/017\\3175460000017\\IDShot_225x225.jpg","category":"Fresh Food|Cheese|Speciality & Continental Cheese"},{"store":"Tesco","keyword":"cheese","id":250817596,"name":"Calvita Cheese Singles 340G 20'S","price":3.59,"price_desc":"€1.06/100g","image":"http://img.tesco.ie/Groceries/pi/271\\5011037304271\\IDShot_225x225.jpg","category":"Fresh Food|Cheese|Sliced & Grated Cheese"},{"store":"Tesco","keyword":"cheese","id":252041790,"name":"Boursin Full Fat Soft Cheese Pepper 150G","price":3.65,"price_desc":"€24.34/kg","image":"http://img.tesco.ie/Groceries/pi/062\\3175460000062\\IDShot_225x225.jpg","category":"Fresh Food|Cheese|Speciality & Continental Cheese"},{"store":"Tesco","keyword":"cheese","id":252257080,"name":"Tesco Every Day Value Vanilla Cheesecake 474G","price":3.49,"price_desc":"€0.74/100g","image":"http://img.tesco.ie/Groceries/pi/904\\5050179987904\\IDShot_225x225.jpg","category":"Fresh Food|Chilled Desserts|Trifles & Cheesecakes"},{"store":"Tesco","keyword":"cheese","id":252415665,"name":"Laughing Cow Light Cheese Triangles 280G","price":3.99,"price_desc":"€14.25/kg","image":"http://img.tesco.ie/Groceries/pi/111\\3073780836111\\IDShot_225x225.jpg","category":"Fresh Food|Cheese|Cheese Spreads & Snacks"},{"store":"Tesco","keyword":"cheese","id":253780736,"name":"Mini Babybel Full Fat Soft Cheese 120G Pack","price":2.19,"price_desc":"€18.25/kg","image":"http://img.tesco.ie/Groceries/pi/628\\3073780828628\\IDShot_225x225.jpg","category":"Fresh Food|Cheese|Cheese Spreads & Snacks"},{"store":"Tesco","keyword":"cheese","id":253780811,"name":"Mini Babybel Light Cheese 120G Pack","price":2.19,"price_desc":"€18.25/kg","image":"http://img.tesco.ie/Groceries/pi/642\\3073780828642\\IDShot_225x225.jpg","category":"Fresh Food|Cheese|Cheese Spreads & Snacks"},{"store":"Tesco","keyword":"cheese","id":254266365,"name":"Tesco Processed Cheese Singles 20 400G","price":2.76,"price_desc":"€6.90/kg","image":"http://img.tesco.ie/Groceries/pi/036\\5000119517036\\IDShot_225x225.jpg","category":"Fresh Food|Cheese|Sliced & Grated Cheese"},{"store":"Tesco","keyword":"cheese","id":254266371,"name":"Tesco 10 Cheese Slices 200G","price":1.29,"price_desc":"€6.45/kg","image":"http://img.tesco.ie/Groceries/pi/012\\5000119517012\\IDShot_225x225.jpg","category":"Fresh Food|Cheese|Sliced & Grated Cheese"},{"store":"Tesco","keyword":"cheese","id":255200428,"name":"Laughing Cow Cheese Triangles 140G","price":1.99,"price_desc":"€14.22/kg","image":"http://img.tesco.ie/Groceries/pi/130\\3073780774130\\IDShot_225x225.jpg","category":"Fresh Food|Cheese|Cheese Spreads & Snacks"},{"store":"Tesco","keyword":"cheese","id":255412053,"name":"Tesco Cheese Coleslaw 300G","price":0.89,"price_desc":"€0.30/100g","image":"http://img.tesco.ie/Groceries/pi/213\\0000010061213\\IDShot_225x225.jpg","category":"Fresh Food|Salads & Dips|Coleslaw & Dressed Salads"},{"store":"Tesco","keyword":"cheese","id":255852637,"name":"Galtee Cheese Singles 10S 170G","price":1.89,"price_desc":"€11.12/kg","image":"http://img.tesco.ie/Groceries/pi/257\\5011037304257\\IDShot_225x225.jpg","category":"Fresh Food|Cheese|Sliced & Grated Cheese"},{"store":"Tesco","keyword":"cheese","id":255956906,"name":"Rustlers Quarter Pounder Cheese 190G","price":2.45,"price_desc":"€12.90/kg","image":"http://img.tesco.ie/Groceries/pi/073\\5390605004073\\IDShot_225x225.jpg","category":"Fresh Food|Fresh Meals, Pizza, Pasta & Garlic Bread|Sandwiches, Snacks & Sushi"},{"store":"Tesco","keyword":"cheese","id":255998770,"name":"Laughing Cow Extra Light Cheese 8 Portions 140G","price":1.95,"price_desc":"€13.93/kg","image":"http://img.tesco.ie/Groceries/pi/338\\3073780914338\\IDShot_225x225.jpg","category":"Fresh Food|Cheese|Cheese Spreads & Snacks"},{"store":"Tesco","keyword":"cheese","id":256048200,"name":"Tesco Everyday Value Cheese And Tomato Pizza 480G","price":0.99,"price_desc":"€0.21/100g","image":"http://img.tesco.ie/Groceries/pi/856\\5010204032856\\IDShot_225x225.jpg","category":"Fresh Food|Fresh Meals, Pizza, Pasta & Garlic Bread|Fresh Pizza"},{"store":"Tesco","keyword":"cheese","id":256245767,"name":"Dairylea Strip Cheese 8 Pack 168G","price":3.8,"price_desc":"€22.62/kg","image":"http://img.tesco.ie/Groceries/pi/487\\5000136251487\\IDShot_225x225.jpg","category":"Fresh Food|Cheese|Cheese Spreads & Snacks"},{"store":"Tesco","keyword":"cheese","id":256566456,"name":"Tesco Everyday Value Mild Coloured Cheese Small","price":2.11,"price_desc":"€7.28/kg","image":"http://img.tesco.ie/Groceries/pi/000\\0226490000000\\IDShot_225x225.jpg","category":"Fresh Food|Cheese|Cheddar Cheese"},{"store":"Tesco","keyword":"cheese","id":256752063,"name":"Moy Park Creamy Cheese Kiev 2 Pack 283G","price":2.5,"price_desc":"€8.84/kg","image":"http://img.tesco.ie/Groceries/pi/234\\5010069794234\\IDShot_225x225.jpg","category":"Fresh Food|Fresh Poultry|Fresh Chicken"},{"store":"Tesco","keyword":"cheese","id":256831091,"name":"Tesco Grated Parmesan Cheese 50G","price":1.79,"price_desc":"€35.80/kg","image":"http://img.tesco.ie/Groceries/pi/378\\5018374141378\\IDShot_225x225.jpg","category":"Fresh Food|Cheese|Speciality & Continental Cheese"},{"store":"Tesco","keyword":"cheese","id":257528950,"name":"Laughing Cow Light Cheese Triangles 140G","price":1.99,"price_desc":"€14.22/kg","image":"http://img.tesco.ie/Groceries/pi/014\\3073780689014\\IDShot_225x225.jpg","category":"Fresh Food|Cheese|Cheese Spreads & Snacks"},{"store":"Tesco","keyword":"cheese","id":258088949,"name":"Vintage Dubliner Cheese Block 200G","price":3.3,"price_desc":"€1.65/100g","image":"http://img.tesco.ie/Groceries/pi/375\\5390413006375\\IDShot_225x225.jpg","category":"Fresh Food|Cheese|Cheddar Cheese"},{"store":"Tesco","keyword":"cheese","id":258302991,"name":"Tesco Cauliflower Cheese 350G","price":2.29,"price_desc":"€6.55/kg","image":"http://img.tesco.ie/Groceries/pi/187\\5018374323187\\IDShot_225x225.jpg","category":"Fresh Food|Fresh Meals, Pizza, Pasta & Garlic Bread|Prepared Meals"},{"store":"Tesco","keyword":"cheese","id":258517149,"name":"Dubliner Cheese White 200G","price":3,"price_desc":"€15.00/kg","image":"http://img.tesco.ie/Groceries/pi/603\\5390413006603\\IDShot_225x225.jpg","category":"Fresh Food|Cheese|Cheddar Cheese"},{"store":"Tesco","keyword":"cheese","id":258517374,"name":"Dubliner Cheese Red 200G","price":3,"price_desc":"€15.00/kg","image":"http://img.tesco.ie/Groceries/pi/627\\5390413006627\\IDShot_225x225.jpg","category":"Fresh Food|Cheese|Cheddar Cheese"},{"store":"Tesco","keyword":"cheese","id":260644617,"name":"Coeur De Lion Goat Cheese Log 150G","price":1.99,"price_desc":"€13.27/kg","image":"http://img.tesco.ie/Groceries/pi/148\\3175218600148\\IDShot_225x225.jpg","category":"Fresh Food|Cheese|Speciality & Continental Cheese"},{"store":"Tesco","keyword":"cheese","id":261533102,"name":"Dairylea Lunchables Ham And Cheese 101.9G","price":2.1,"price_desc":"€20.61/kg","image":"http://img.tesco.ie/Groceries/pi/996\\7622300497996\\IDShot_225x225.jpg","category":"Fresh Food|Cheese|Cheese Spreads & Snacks"},{"store":"Tesco","keyword":"cheese","id":261765052,"name":"Tesco Full Fat Soft Cheese 250G Tub","price":0.74,"price_desc":"€2.96/kg","image":"http://img.tesco.ie/Groceries/pi/647\\5051277822647\\IDShot_225x225.jpg","category":"Fresh Food|Cheese|Cottage & Soft Cheese"},{"store":"Tesco","keyword":"cheese","id":262367602,"name":"Tesco French Fresh Goats Cheese 150G","price":1.99,"price_desc":"€13.27/kg","image":"http://img.tesco.ie/Groceries/pi/840\\5051399361840\\IDShot_225x225.jpg","category":"Fresh Food|Cheese|Speciality & Continental Cheese"},{"store":"Tesco","keyword":"cheese","id":262524993,"name":"Happy Cow Cheese Portions 360G/24Pk","price":1.66,"price_desc":"€0.46/100g","image":"http://img.tesco.ie/Groceries/pi/291\\9066085415291\\IDShot_225x225.jpg","category":"Fresh Food|Cheese|Sliced & Grated Cheese"},{"store":"Tesco","keyword":"cheese","id":262525001,"name":"Dubliner Light Cheese 200G","price":3.1,"price_desc":"€1.55/100g","image":"http://img.tesco.ie/Groceries/pi/801\\5390413006801\\IDShot_225x225.jpg","category":"Fresh Food|Cheese|Cheddar Cheese"},{"store":"Tesco","keyword":"cheese","id":262884024,"name":"Golden Vale Easi Single 10'S Cheese 200G","price":1.6,"price_desc":"€0.80/100g","image":"http://img.tesco.ie/Groceries/pi/017\\5011069123017\\IDShot_225x225.jpg","category":"Fresh Food|Cheese|Sliced & Grated Cheese"},{"store":"Tesco","keyword":"cheese","id":262997622,"name":"Tesco 2 New York Cheesecake Slices 180G","price":3.29,"price_desc":"€1.83/100g","image":"http://img.tesco.ie/Groceries/pi/142\\5051898355142\\IDShot_225x225.jpg","category":"Fresh Food|Chilled Desserts|Trifles & Cheesecakes"},{"store":"Tesco","keyword":"cheese","id":263277540,"name":"Tesco Lighter Cheese Singles 200G","price":1.29,"price_desc":"€6.45/kg","image":"http://img.tesco.ie/Groceries/pi/476\\5051622468476\\IDShot_225x225.jpg","category":"Fresh Food|Cheese|Sliced & Grated Cheese"},{"store":"Tesco","keyword":"cheese","id":263761485,"name":"Tesco Everyday Value Soft Cheese 200G","price":0.75,"price_desc":"€3.75/kg","image":"http://img.tesco.ie/Groceries/pi/214\\5051622909214\\IDShot_225x225.jpg","category":"Fresh Food|Cheese|Cottage & Soft Cheese"},{"store":"Tesco","keyword":"cheese","id":264056368,"name":"You Jedrusia Dumpling Potato Cottage Cheese 400G","price":2.05,"price_desc":"€5.13/kg","image":"http://img.tesco.ie/Groceries/pi/194\\5901398063194\\IDShot_225x225.jpg","category":"Fresh Food|Chilled Food|Polish Food"},{"store":"Tesco","keyword":"cheese","id":264252101,"name":"Tesco Lighter Greek Salad Cheese 200G","price":1.99,"price_desc":"€9.95/kg","image":"http://img.tesco.ie/Groceries/pi/043\\5051790387043\\IDShot_225x225.jpg","category":"Fresh Food|Cheese|Speciality & Continental Cheese"},{"store":"Tesco","keyword":"cheese","id":264344701,"name":"Tesco Everyday Value Soft Cheese Garlic And Herb 200G","price":0.68,"price_desc":"€3.40/kg","image":"http://img.tesco.ie/Groceries/pi/889\\5051898478889\\IDShot_225x225.jpg","category":"Fresh Food|Cheese|Cottage & Soft Cheese"},{"store":"Tesco","keyword":"cheese","id":264562500,"name":"Tesco Everyday Value Natural Cottage Cheese 300G","price":0.79,"price_desc":"€2.64/kg","image":"http://img.tesco.ie/Groceries/pi/413\\5052004477413\\IDShot_225x225.jpg","category":"Fresh Food|Cheese|Cottage & Soft Cheese"},{"store":"Tesco","keyword":"cheese","id":265785315,"name":"Peelable Cheese Twirler 168G","price":1.98,"price_desc":"€11.79/kg","image":"http://img.tesco.ie/Groceries/pi/156\\4770299390156\\IDShot_225x225.jpg","category":"Fresh Food|Cheese|Cheese Spreads & Snacks"},{"store":"Tesco","keyword":"cheese","id":266775166,"name":"Muller Light Cheesecake Style Yoghurt 6X175g","price":4.19,"price_desc":"€0.40/100g","image":"http://img.tesco.ie/Groceries/pi/819\\4025500149819\\IDShot_225x225.jpg","category":"Fresh Food|Yoghurt|Yoghurts"},{"store":"Tesco","keyword":"cheese","id":268104012,"name":"Golden Vlaue Easi Single Cheese 400G","price":2,"price_desc":"€5.00/kg","image":"http://img.tesco.ie/Groceries/pi/935\\5011069122935\\IDShot_225x225.jpg","category":"Fresh Food|Cheese|Cheddar Cheese"},{"store":"Tesco","keyword":"cheese","id":268237309,"name":"Happy Cow Light Cheese Portions 360G","price":1.99,"price_desc":"€5.53/kg","image":"http://img.tesco.ie/Groceries/pi/681\\9066085418681\\IDShot_225x225.jpg","category":"Fresh Food|Cheese|Sliced & Grated Cheese"},{"store":"Tesco","keyword":"cheese","id":268511526,"name":"Rustlers Cheese Burger Twin Pack 280G","price":2.99,"price_desc":"€10.68/kg","image":"http://img.tesco.ie/Groceries/pi/396\\5099556012396\\IDShot_225x225.jpg","category":"Fresh Food|Fresh Meals, Pizza, Pasta & Garlic Bread|Sandwiches, Snacks & Sushi"},{"store":"Tesco","keyword":"cheese","id":268563965,"name":"Cashel Blue Farmhouse Blue Cheese 125G","price":3.29,"price_desc":"€26.32/kg","image":"http://img.tesco.ie/Groceries/pi/668\\5099496000668\\IDShot_225x225.jpg","category":"Fresh Food|Cheese|Speciality & Continental Cheese"},{"store":"Tesco","keyword":"cheese","id":268828215,"name":"Kilmeaden Fully Mature Cheddar Cheese 200G","price":2,"price_desc":"€10.00/kg","image":"http://img.tesco.ie/Groceries/pi/192\\5011056042192\\IDShot_225x225.jpg","category":"Fresh Food|Cheese|Cheddar Cheese"},{"store":"Tesco","keyword":"cheese","id":268927553,"name":"Cheese Strings Spaghetti 68G","price":2.29,"price_desc":"€33.68/kg","image":"http://img.tesco.ie/Groceries/pi/669\\5000187125669\\IDShot_225x225.jpg","category":"Fresh Food|Cheese|Cheese Spreads & Snacks"},{"store":"Tesco","keyword":"cheese","id":268949452,"name":"Tesco 2 Ham And Cheese Slices 300G","price":1.5,"price_desc":"€0.50/100g","image":"http://img.tesco.ie/Groceries/pi/819\\5052526025819\\IDShot_225x225.jpg","category":"Fresh Food|Savoury Pastry|Pies, Quiche & Pasties"},{"store":"Tesco","keyword":"cheese","id":272260396,"name":"Lactofree Hard Cheese 200G","price":2.09,"price_desc":"€10.45/kg","image":"http://img.tesco.ie/Groceries/pi/682\\5760466907682\\IDShot_225x225.jpg","category":"Fresh Food|Dairy Alternatives & Cholesterol Reducing|Dairy Alternatives"},{"store":"Tesco","keyword":"cheese","id":272260494,"name":"Lactofree Soft White Cheese 200G","price":1.55,"price_desc":"€7.75/kg","image":"http://img.tesco.ie/Groceries/pi/925\\5760466899925\\IDShot_225x225.jpg","category":"Fresh Food|Dairy Alternatives & Cholesterol Reducing|Dairy Alternatives"},{"store":"Tesco","keyword":"cheese","id":272322554,"name":"Carrigaline Farmhouse Smoked Cheese 150G","price":3.49,"price_desc":"€23.27/kg","image":"http://img.tesco.ie/Groceries/pi/817\\5098769000817\\IDShot_225x225.jpg","category":"Fresh Food|Cheese|Speciality & Continental Cheese"},{"store":"Tesco","keyword":"cheese","id":272971891,"name":"Tesco Everyday Value Macaroni Cheese 400G","price":1.75,"price_desc":"€4.38/kg","image":"http://img.tesco.ie/Groceries/pi/167\\5052909576167\\IDShot_225x225.jpg","category":"Fresh Food|Fresh Meals, Pizza, Pasta & Garlic Bread|Prepared Meals"},{"store":"Tesco","keyword":"cheese","id":273162545,"name":"Tesco Finest* Goats Cheese And Red Pepper Quiche 400G","price":2.39,"price_desc":"€0.60/100g","image":"http://img.tesco.ie/Groceries/pi/651\\5052909615651\\IDShot_225x225.jpg","category":"Fresh Food|Savoury Pastry|Pies, Quiche & Pasties"},{"store":"Tesco","keyword":"cheese","id":273715255,"name":"Cheese Of Ireland Irish Emmental","price":2.86,"price_desc":"€16.93/each","image":"http://img.tesco.ie/Groceries/pi/000\\0219520000000\\IDShot_225x225.jpg","category":"Fresh Food|Cheese|Speciality & Continental Cheese"},{"store":"Tesco","keyword":"cheese","id":273715825,"name":"Cheese Of Ireland Mature North Cork Red Cheddar","price":3.29,"price_desc":"€12.80/each","image":"http://img.tesco.ie/Groceries/pi/000\\0201540000000\\IDShot_225x225.jpg","category":"Fresh Food|Cheese|Speciality & Continental Cheese"},{"store":"Tesco","keyword":"cheese","id":273715923,"name":"Cheese Of Ireland Vintge North Coriander White Cheddar","price":3.17,"price_desc":"€12.40/each","image":"http://img.tesco.ie/Groceries/pi/000\\0203640000000\\IDShot_225x225.jpg","category":"Fresh Food|Cheese|Speciality & Continental Cheese"},{"store":"Tesco","keyword":"cheese","id":274730436,"name":"Tesco 4 Cheese Tortelloni 400G","price":2.99,"price_desc":"€7.48/kg","image":"http://img.tesco.ie/Groceries/pi/920\\5052109748920\\IDShot_225x225.jpg","category":"Fresh Food|Fresh Meals, Pizza, Pasta & Garlic Bread|Fresh Pasta"},{"store":"Tesco","keyword":"cheese","id":275153841,"name":"Tesco Italian Macaroni Cheese Pasta 450G","price":3.49,"price_desc":"€7.76/kg","image":"http://img.tesco.ie/Groceries/pi/124\\5052910094124\\IDShot_225x225.jpg","category":"Fresh Food|Fresh Meals, Pizza, Pasta & Garlic Bread|Prepared Meals"},{"store":"Tesco","keyword":"cheese","id":275377478,"name":"Glenilen Lemon Cheesecake 700G","price":5.45,"price_desc":"€0.91/100g","image":"http://img.tesco.ie/Groceries/pi/480\\5391508960480\\IDShot_225x225.jpg","category":"Fresh Food|Chilled Desserts|Trifles & Cheesecakes"},{"store":"Tesco","keyword":"cheese","id":276865728,"name":"Tesco Soft Cheese Garlic And Herb 250G","price":0.74,"price_desc":"€2.96/kg","image":"http://img.tesco.ie/Groceries/pi/792\\5052910721792\\IDShot_225x225.jpg","category":"Fresh Food|Cheese|Cottage & Soft Cheese"},{"store":"Tesco","keyword":"cheese","id":277018694,"name":"Tesco Finest Caramel And Macadamia Cheesecake Slice 200G","price":3.99,"price_desc":"€2.00/100g","image":"http://img.tesco.ie/Groceries/pi/266\\5052910792266\\IDShot_225x225.jpg","category":"Fresh Food|Chilled Desserts|Individual Desserts"},{"store":"Tesco","keyword":"cheese","id":277302374,"name":"Tesco Toffee Cheesecake 3X100g","price":1.69,"price_desc":"€0.56/100g","image":"http://img.tesco.ie/Groceries/pi/634\\5052910902634\\IDShot_225x225.jpg","category":"Fresh Food|Chilled Desserts|Trifles & Cheesecakes"},{"store":"Tesco","keyword":"cheese","id":277409208,"name":"Boilie Goat's Cheese Pearls In Oil 180G","price":3.29,"price_desc":"€1.83/100g","image":"http://img.tesco.ie/Groceries/pi/711\\5021085000711\\IDShot_225x225.jpg","category":"Fresh Food|Cheese|Speciality & Continental Cheese"},{"store":"Tesco","keyword":"cheese","id":277688464,"name":"Dubliner White Cheese Slices 180G","price":3,"price_desc":"€16.67/kg","image":"http://img.tesco.ie/Groceries/pi/987\\5390413009987\\IDShot_225x225.jpg","category":"Fresh Food|Cheese|Cheddar Cheese"},{"store":"Tesco","keyword":"cheese","id":277688562,"name":"Dubliner Red Cheese Slices 200G","price":3,"price_desc":"€16.67/kg","image":"http://img.tesco.ie/Groceries/pi/006\\5390413010006\\IDShot_225x225.jpg","category":"Fresh Food|Cheese|Sliced & Grated Cheese"},{"store":"Tesco","keyword":"cheese","id":278453907,"name":"Ballineen Cooked Quarter Pounders With Cheese 360G","price":2.5,"price_desc":"€6.95/kg","image":"http://img.tesco.ie/Groceries/pi/467\\5390124801467\\IDShot_225x225.jpg","category":"Fresh Food|Fresh Meals, Pizza, Pasta & Garlic Bread|Sandwiches, Snacks & Sushi"},{"store":"Tesco","keyword":"cheese","id":279753194,"name":"Low Low Cheese Caramelised Pack Onion Snack65g","price":1.99,"price_desc":"€30.62/kg","image":"http://img.tesco.ie/Groceries/pi/952\\5000187140952\\IDShot_225x225.jpg","category":"Fresh Food|Fresh Meals, Pizza, Pasta & Garlic Bread|Sandwiches, Snacks & Sushi"},{"store":"Tesco","keyword":"cheese","id":279946784,"name":"Tesco 2 Cheese And Bacon Chicken Kievs 305G","price":2.1,"price_desc":"€6.89/kg","image":"http://img.tesco.ie/Groceries/pi/375\\5053947839375\\IDShot_225x225.jpg","category":"Fresh Food|Fresh Poultry|Fresh Chicken"},{"store":"Tesco","keyword":"cheese","id":280199791,"name":"Tesco Healthy Living 0% Fat Cottage Cheese 300G","price":0.85,"price_desc":"€2.84/kg","image":"http://img.tesco.ie/Groceries/pi/853\\5053526051853\\IDShot_225x225.jpg","category":"Fresh Food|Cheese|Cottage & Soft Cheese"},{"store":"Tesco","keyword":"cheese","id":280379077,"name":"Tesco Irish Beef Meatballs World Taste Tomato Sauce And Cheese 550G","price":4,"price_desc":"€7.28/kg","image":"http://img.tesco.ie/Groceries/pi/241\\5052910182241\\IDShot_225x225.jpg","category":"Fresh Food|Fresh Poultry|Fresh Chicken"},{"store":"Tesco","keyword":"cheese","id":280485066,"name":"Tesco Finest* Belgian Dark And White Chocolate Cheesecake Slices 200G","price":4.99,"price_desc":"€2.50/100g","image":"http://img.tesco.ie/Groceries/pi/068\\5053526189068\\IDShot_225x225.jpg","category":"Fresh Food|Chilled Desserts|Individual Desserts"},{"store":"Tesco","keyword":"cheese","id":280485233,"name":"Tesco Finest* Madagascan Vanilla Cheesecake Wedges 2 X 100G","price":4.99,"price_desc":"€2.50/100g","image":"http://img.tesco.ie/Groceries/pi/129\\5053526189129\\IDShot_225x225.jpg","category":"Fresh Food|Chilled Desserts|Trifles & Cheesecakes"},{"store":"Tesco","keyword":"cheese","id":280567413,"name":"Calvita Cheese 225G","price":2.39,"price_desc":"€11.95/kg","image":"http://img.tesco.ie/Groceries/pi/973\\5011069164973\\IDShot_225x225.jpg","category":"Fresh Food|Cheese|Sliced & Grated Cheese"},{"store":"Tesco","keyword":"cheese","id":280567690,"name":"Galtee Cheese 225 G Box","price":2,"price_desc":"€10.00/kg","image":"http://img.tesco.ie/Groceries/pi/997\\5011069164997\\IDShot_225x225.jpg","category":"Fresh Food|Cheese|Cheese Spreads & Snacks"},{"store":"Tesco","keyword":"cheese","id":280571816,"name":"Cashel Blue Cream Cheese 200G","price":2.99,"price_desc":"€14.95/kg","image":"http://img.tesco.ie/Groceries/pi/228\\5099496002228\\IDShot_225x225.jpg","category":"Fresh Food|Cheese|Speciality & Continental Cheese"},{"store":"Tesco","keyword":"cheese","id":280590908,"name":"Tesco Finest* Macaroni Cheese 400G","price":4.89,"price_desc":"€12.23/kg","image":"http://img.tesco.ie/Groceries/pi/028\\5053526208028\\IDShot_225x225.jpg","category":"Fresh Food|Fresh Meals, Pizza, Pasta & Garlic Bread|Prepared Meals"},{"store":"Tesco","keyword":"cheese","id":280645505,"name":"Tesco Bstro Italiano Peppr,Goat Cheese Spnch Psto 411G","price":3.99,"price_desc":"€9.71/kg","image":"http://img.tesco.ie/Groceries/pi/524\\5053526230524\\IDShot_225x225.jpg","category":"Fresh Food|Fresh Meals, Pizza, Pasta & Garlic Bread|Fresh Pizza"},{"store":"Tesco","keyword":"cheese","id":281306042,"name":"Tesco Healthy Living Baked Potatoes With Cheese 450G","price":4,"price_desc":"€8.89/kg","image":"http://img.tesco.ie/Groceries/pi/968\\5053526508968\\IDShot_225x225.jpg","category":"Fresh Food|Fresh Meals, Pizza, Pasta & Garlic Bread|Prepared Meals"},{"store":"Tesco","keyword":"cheese","id":281380672,"name":"Glenilen Farm Lemon Cheesecake 100G","price":1.79,"price_desc":"€1.79/100g","image":"http://img.tesco.ie/Groceries/pi/572\\5391508960572\\IDShot_225x225.jpg","category":"Fresh Food|Chilled Desserts|Trifles & Cheesecakes"},{"store":"Tesco","keyword":"cheese","id":281447940,"name":"Tesco Goodness Pizza Cheese And Tomato 250G","price":1.55,"price_desc":"€0.62/100g","image":"http://img.tesco.ie/Groceries/pi/573\\5053526571573\\IDShot_225x225.jpg","category":"Fresh Food|Fresh Meals, Pizza, Pasta & Garlic Bread|Fresh Pizza"},{"store":"Tesco","keyword":"cheese","id":281447986,"name":"Tesco Goodness Pizza Cheese And Ham 250G","price":2.15,"price_desc":"€0.86/100g","image":"http://img.tesco.ie/Groceries/pi/597\\5053526571597\\IDShot_225x225.jpg","category":"Fresh Food|Fresh Meals, Pizza, Pasta & Garlic Bread|Fresh Pizza"},{"store":"Tesco","keyword":"cheese","id":281823397,"name":"Yeats Country Soft Cheese 150G","price":1.79,"price_desc":"€11.94/kg","image":"http://img.tesco.ie/Groceries/pi/361\\5011075001361\\IDShot_225x225.jpg","category":"Fresh Food|Cheese|Speciality & Continental Cheese"},{"store":"Tesco","keyword":"cheese","id":281823535,"name":"Yeats Country Spreadable Goats Cheese 125G","price":2.69,"price_desc":"€21.52/kg","image":"http://img.tesco.ie/Groceries/pi/477\\5011075001477\\IDShot_225x225.jpg","category":"Fresh Food|Cheese|Speciality & Continental Cheese"},{"store":"Tesco","keyword":"cheese","id":282100174,"name":"Dairylea Lunchables Chicken And Cheese 93.9G","price":1.99,"price_desc":"€21.20/kg","image":"http://img.tesco.ie/Groceries/pi/139\\7622300498139\\IDShot_225x225.jpg","category":"Fresh Food|Cheese|Cheese Spreads & Snacks"},{"store":"Tesco","keyword":"cheese","id":282149174,"name":"Galberts Raspb White Chocolate Cheesecake 500","price":4.99,"price_desc":"€9.98/kg","image":"http://img.tesco.ie/Groceries/pi/810\\5391501223810\\IDShot_225x225.jpg","category":"Fresh Food|Chilled Desserts|Trifles & Cheesecakes"},{"store":"Tesco","keyword":"cheese","id":282149243,"name":"Galberts Lemon Cheesecake 500G","price":4.99,"price_desc":"€9.98/kg","image":"http://img.tesco.ie/Groceries/pi/834\\5391501223834\\IDShot_225x225.jpg","category":"Fresh Food|Chilled Desserts|Trifles & Cheesecakes"},{"store":"Tesco","keyword":"cheese","id":282149289,"name":"Galberts Twin Strawberry Swi Cheesecake 200G","price":2.5,"price_desc":"€12.50/kg","image":"http://img.tesco.ie/Groceries/pi/363\\5391501222363\\IDShot_225x225.jpg","category":"Fresh Food|Chilled Desserts|Trifles & Cheesecakes"},{"store":"Tesco","keyword":"cheese","id":282979988,"name":"Rustlers Cheese Burger 162G","price":2.39,"price_desc":"€14.76/kg","image":"http://img.tesco.ie/Groceries/pi/546\\5099556013546\\IDShot_225x225.jpg","category":"Fresh Food|Fresh Meals, Pizza, Pasta & Garlic Bread|Sandwiches, Snacks & Sushi"},{"store":"Tesco","keyword":"cheese","id":282997321,"name":"Rustlers The Deluxe With Bacon /Cheese 191G","price":1.57,"price_desc":"€8.22/kg","image":"http://img.tesco.ie/Groceries/pi/735\\5099556017735\\IDShot_225x225.jpg","category":"Fresh Food|Fresh Meals, Pizza, Pasta & Garlic Bread|Sandwiches, Snacks & Sushi"},{"store":"Tesco","keyword":"cheese","id":283111476,"name":"Tesco Al Fresco Chorizo And Cheese Croquettes 234G","price":3,"price_desc":"€12.83/kg","image":"http://img.tesco.ie/Groceries/pi/732\\5054268075732\\IDShot_225x225.jpg","category":"Fresh Food|Fresh Meals, Pizza, Pasta & Garlic Bread|Prepared Meals"},{"store":"Tesco","keyword":"cheese","id":283507740,"name":"Tesco Cheese & Onion Rostis 190G","price":2.29,"price_desc":"€12.06/kg","image":"http://img.tesco.ie/Groceries/pi/086\\5054268266086\\IDShot_225x225.jpg","category":"Fresh Food|Fresh Meals, Pizza, Pasta & Garlic Bread|Prepared Meals"},{"store":"Tesco","keyword":"cheese","id":283983172,"name":"Gazi Greek Style Salad Cheese 200G","price":1.04,"price_desc":"€5.20/kg","image":"http://img.tesco.ie/Groceries/pi/700\\4002566008700\\IDShot_225x225.jpg","category":"Fresh Food|Cheese|Speciality & Continental Cheese"},{"store":"Tesco","keyword":"cheese","id":284515659,"name":"Tesco Finest Belgian Chocolate Cheesecake 550G","price":5.99,"price_desc":"€1.09/100g","image":"http://img.tesco.ie/Groceries/pi/882\\5054268677882\\IDShot_225x225.jpg","category":"Fresh Food|Chilled Desserts|Trifles & Cheesecakes"},{"store":"Tesco","keyword":"cheese","id":285048087,"name":"Tesco Finest* New York Cheesecake 550G","price":6.95,"price_desc":"€1.27/100g","image":"http://img.tesco.ie/Groceries/pi/023\\5054268870023\\IDShot_225x225.jpg","category":"Fresh Food|Chilled Desserts|Trifles & Cheesecakes"},{"store":"Tesco","keyword":"cheese","id":285140490,"name":"Dairylea Cheese Spread 180G","price":2.09,"price_desc":"€11.62/kg","image":"http://img.tesco.ie/Groceries/pi/862\\7622210318862\\IDShot_225x225.jpg","category":"Fresh Food|Cheese|Cheese Spreads & Snacks"},{"store":"Tesco","keyword":"cheese","id":285173410,"name":"Tesco Quark Fat Free Soft Cheese 250G","price":1.49,"price_desc":"€5.96/kg","image":"http://img.tesco.ie/Groceries/pi/646\\5054268932646\\IDShot_225x225.jpg","category":"Fresh Food|Cheese|Cottage & Soft Cheese"},{"store":"Tesco","keyword":"cheese","id":286265006,"name":"Tesco 2 Cheese And Garlic All Butter Baguettes 425G","price":1.59,"price_desc":"€0.37/100g","image":"http://img.tesco.ie/Groceries/pi/760\\5051790358760\\IDShot_225x225.jpg","category":"Fresh Food|Fresh Meals, Pizza, Pasta & Garlic Bread|Fresh Garlic & Cheese Breads"},{"store":"Tesco","keyword":"cheese","id":286919927,"name":"Glnilen From Mango And Passion Cheesecake 600G","price":5.45,"price_desc":"€9.09/kg","image":"http://img.tesco.ie/Groceries/pi/732\\5391508960732\\IDShot_225x225.jpg","category":"Fresh Food|Chilled Desserts|Trifles & Cheesecakes"},{"store":"Tesco","keyword":"cheese","id":287787562,"name":"Tesco Spanish Olives With Cheese 233G","price":3.99,"price_desc":"€1.72/100g","image":"http://img.tesco.ie/Groceries/pi/896\\5054269035896\\IDShot_225x225.jpg","category":"Fresh Food|Deli & Cooked Meat|Fresh Olives & Antipasti"},{"store":"Tesco","keyword":"cheese","id":288017315,"name":"Tesco Cheese & Onion Quiche 400G","price":1.49,"price_desc":"€0.37/100g","image":"http://img.tesco.ie/Groceries/pi/470\\5054269107470\\IDShot_225x225.jpg","category":"Fresh Food|Savoury Pastry|Pies, Quiche & Pasties"},{"store":"Tesco","keyword":"cheese","id":288017396,"name":"Tesco Cheese And Bacon Quiche 400G","price":1.49,"price_desc":"€0.37/100g","image":"http://img.tesco.ie/Groceries/pi/531\\5054269107531\\IDShot_225x225.jpg","category":"Fresh Food|Savoury Pastry|Pies, Quiche & Pasties"},{"store":"Tesco","keyword":"cheese","id":288102151,"name":"Tesco Chicken Fillets In Bacon With Cheese & Bbq Sce390g","price":5,"price_desc":"€12.83/kg","image":"http://img.tesco.ie/Groceries/pi/375\\5054269138375\\IDShot_225x225.jpg","category":"Fresh Food|Fresh Poultry|Fresh Chicken"},{"store":"Tesco","keyword":"cheese","id":288442525,"name":"Tesco Everyday Value 4 Cheese And Tomato Pizza 456G","price":1.99,"price_desc":"€0.44/100g","image":"http://img.tesco.ie/Groceries/pi/119\\5054269268119\\IDShot_225x225.jpg","category":"Fresh Food|Fresh Meals, Pizza, Pasta & Garlic Bread|Fresh Pizza"},{"store":"Tesco","keyword":"cheese","id":288500048,"name":"Ballineen Chip Shop Style Irish Cheese Burgers285g","price":2,"price_desc":"€7.02/kg","image":"http://img.tesco.ie/Groceries/pi/509\\5390124004509\\IDShot_225x225.jpg","category":"Fresh Food|Fresh Meals, Pizza, Pasta & Garlic Bread|Sandwiches, Snacks & Sushi"},{"store":"Supervalu","keyword":"bread","id":1004651000,"name":"Jennings Potato Bread Slices (220 Grams)","price":2.05,"price_desc":"€20.50 per kg","image":null,"category":"Chilled Convenience|Pies, Pastries & Savouries|Pastries & Savouries"},{"store":"Supervalu","keyword":"bread","id":1005040000,"name":"Galberts Garlic Bread Baguette (250 Grams)","price":2.15,"price_desc":"€7.17 per kg","image":"http://shop.supervalu.ie/shopping/images/products/small/5391501222479_1.JPG","category":"Fresh Food|Chilled Convenience|Garlic Breads"},{"store":"Supervalu","keyword":"bread","id":1017939000,"name":"Galberts Garlic Bread & Mozzarella Cheese Toasties (230 Grams)","price":2.99,"price_desc":"€13.00 per kg","image":"http://shop.supervalu.ie/shopping/images/products/small/5391501222509_1.JPG","category":"Fresh Food|Chilled Convenience|Garlic Breads"},{"store":"Supervalu","keyword":"bread","id":1021756000,"name":"Galberts Garlic Bread Toasties (240 Grams)","price":2.69,"price_desc":"€11.21 per kg","image":"http://shop.supervalu.ie/shopping/images/products/small/5391501222462_1.JPG","category":"Fresh Food|Chilled Convenience|Garlic Breads"},{"store":"Supervalu","keyword":"bread","id":1021902000,"name":"M&M Fresh Breadcrumbs (200 Grams)","price":1.2,"price_desc":"€6.00 per kg","image":null,"category":"Deli & Breakfast|Stuffing & Breadcrumbs|Breadcrumbs"},{"store":"Supervalu","keyword":"bread","id":1028398000,"name":"Gio Focc Bread With Garlic Butter & Mozzerella (300 Grams)","price":2.99,"price_desc":"€9.97 per kg","image":null,"category":"Fresh Food|Chilled Convenience|Garlic Breads"},{"store":"Supervalu","keyword":"bread","id":1033037000,"name":"SuperValu Irish Breaded Chicken Goujons (300 Grams)","price":4,"price_desc":"€13.33 per kg","image":"http://shop.supervalu.ie/shopping/images/products/small/5099839291562_1.JPG","category":"Meat, Poultry & Seafood|Breaded Poultry|Fillets"},{"store":"Supervalu","keyword":"bread","id":1033044000,"name":"SuperValu Irish Breaded Chicken Maryland 2s (350 Grams)","price":6,"price_desc":"€17.14 per kg","image":"http://shop.supervalu.ie/shopping/images/products/small/5099839291555_1.JPG","category":"Meat, Poultry & Seafood|Breaded Poultry|Fillets"},{"store":"Supervalu","keyword":"bread","id":1088954000,"name":"SuperValu Chicken And Bacon On Oatmeal Bread (154 Grams)","price":2.6,"price_desc":"€16.88 per kg","image":"http://shop.supervalu.ie/shopping/images/products/small/5099839316418_1.JPG","category":"Chilled Convenience|Pre-pack Sandwich|Standard"},{"store":"Supervalu","keyword":"bread","id":1088958000,"name":"SuperValu Chicken & Stuffing On Oatmeal Bread (157 Grams)","price":2.6,"price_desc":"€16.56 per kg","image":"http://shop.supervalu.ie/shopping/images/products/small/5099839316425_1.JPG","category":"Chilled Convenience|Pre-pack Sandwich|Standard"},{"store":"Supervalu","keyword":"bread","id":1098184001,"name":"Moypark Breaded Chicken Goujons (454 Grams)","price":3.89,"price_desc":"€8.57 per kg","image":"http://shop.supervalu.ie/shopping/images/products/small/5010069786826_1.JPG","category":"Meat, Poultry & Seafood|Breaded Poultry|Party Bites"},{"store":"Supervalu","keyword":"bread","id":1099541000,"name":"SuperValu Breaded Fillets 2's (250 Grams)","price":4,"price_desc":"€16.00 per kg","image":"http://shop.supervalu.ie/shopping/images/products/small/5099839319259_1.JPG","category":"Meat, Poultry & Seafood|Breaded Poultry|Fillets"},{"store":"Supervalu","keyword":"bread","id":1137748000,"name":"SuperValu Fresh Breadcrumbs (300 Grams)","price":1.5,"price_desc":"€5.00 per kg","image":"http://shop.supervalu.ie/shopping/images/products/small/5099839324062_1.JPG","category":"Deli & Breakfast|Stuffing & Breadcrumbs|Breadcrumbs"},{"store":"Supervalu","keyword":"bread","id":1173848000,"name":"Dairylea Dunker Breadsticks 4Pk (47 Grams)","price":3.15,"price_desc":"€67.02 per kg","image":"http://shop.supervalu.ie/shopping/images/products/small/7622300219895_1.JPG","category":"Dairy, Eggs & Chilled Juice|Cheese|Snacks"},{"store":"Supervalu","keyword":"bread","id":1222313000,"name":"Kerrygold Garlic Bread (175 Grams)","price":1.69,"price_desc":"€9.66 per kg","image":"http://shop.supervalu.ie/shopping/images/products/small/5098807082515_1.JPG","category":"Fresh Food|Chilled Convenience|Garlic Breads"},{"store":"Supervalu","keyword":"bread","id":1267569000,"name":"SuperValu Chunky Breaded Hake 2's (345 Grams)","price":4.5,"price_desc":"€13.04 per kg","image":"http://shop.supervalu.ie/shopping/images/products/small/5099839359187_1.JPG","category":"Meat, Poultry & Seafood|Fish - Pre-pack|Breaded & Battered"},{"store":"Supervalu","keyword":"bread","id":1304927000,"name":"SuperValu Breaded Fish Fingers 6Pack (330 Grams)","price":3,"price_desc":"€0.01 per g","image":"http://shop.supervalu.ie/shopping/images/products/small/5099839570049_1.JPG","category":"Meat, Poultry & Seafood|Fish - Pre-pack|Breaded & Battered"},{"store":"Supervalu","keyword":"bread","id":1307309000,"name":"Moy Park Breaded Chicken Goujons Promo (454 Grams)","price":3,"price_desc":"€6.61 per kg","image":"http://shop.supervalu.ie/shopping/images/products/small/5010069797617_1.JPG","category":"Meat, Poultry & Seafood|Breaded Poultry|Party Bites"},{"store":"Supervalu","keyword":"bread","id":1307312000,"name":"Moy Park Breaded Chicken Nuggets Promo (460 Grams)","price":3,"price_desc":"€6.52 per kg","image":null,"category":"Meat, Poultry & Seafood|Breaded Poultry|Party Bites"},{"store":"Supervalu","keyword":"bread","id":1321921000,"name":"Breaded Goujons (3 Kilogram)","price":0.66,"price_desc":"€0.22 per kg","image":null,"category":"Meat, Poultry & Seafood|Breaded Poultry|Party Bites"},{"store":"Supervalu","keyword":"bread","id":1356628000,"name":"Breaded Cod Fishcake (133 Grams)","price":2,"price_desc":"€15.04 per kg","image":null,"category":"Meat, Poultry & Seafood|Fish - Counter|Other"},{"store":"Supervalu","keyword":"bread","id":1372673000,"name":"Sv Breaded Cod (300 Grams)","price":4,"price_desc":"€13.33 per kg","image":"http://shop.supervalu.ie/shopping/images/products/small/5099839593093_1.JPG","category":"Meat, Poultry & Seafood|Fish - Pre-pack|Breaded & Battered"},{"store":"Supervalu","keyword":"bread","id":1377956000,"name":"Supervalu Lemon & Pepper Breaded Fillets (250 Grams)","price":4,"price_desc":"€16.00 per kg","image":null,"category":"Meat, Poultry & Seafood|Breaded Poultry|Fillets"},{"store":"Supervalu","keyword":"bread","id":1409832000,"name":"Freshways Pesto Chicken & Rocket Flatbread (126 Grams)","price":4,"price_desc":"€31.75 per kg","image":null,"category":"Chilled Convenience|Pre-pack Sandwich|Standard"},{"store":"Tesco","keyword":"bread","id":254279200,"name":"Tesco Egg Bacon Malted Brown Bread Sandwich","price":2.85,"price_desc":"€2.85/each","image":"http://img.tesco.ie/Groceries/pi/040\\0000050436040\\IDShot_225x225.jpg","category":"Fresh Food|Fresh Meals, Pizza, Pasta & Garlic Bread|Sandwiches, Snacks & Sushi"},{"store":"Tesco","keyword":"bread","id":254279246,"name":"Tesco Bacon Lettuce Tomato On Malted Brown Bread Sandwich","price":2.85,"price_desc":"€2.85/each","image":"http://img.tesco.ie/Groceries/pi/984\\0000003000984\\IDShot_225x225.jpg","category":"Fresh Food|Fresh Meals, Pizza, Pasta & Garlic Bread|Sandwiches, Snacks & Sushi"},{"store":"Tesco","keyword":"bread","id":254517242,"name":"Scarteen Garlic Bread Brown 280G","price":2.09,"price_desc":"€0.75/100g","image":"http://img.tesco.ie/Groceries/pi/807\\5392000057807\\IDShot_225x225.jpg","category":"Fresh Food|Fresh Meals, Pizza, Pasta & Garlic Bread|Prepared Meals"},{"store":"Tesco","keyword":"bread","id":256041829,"name":"Dairylea Dunkers And Breadsticks (4X47g)","price":3.5,"price_desc":"€17.50/kg","image":"http://img.tesco.ie/Groceries/pi/\\noimage\\noimage_225x225.jpg","category":"Fresh Food|Cheese|Cheese Spreads & Snacks"},{"store":"Tesco","keyword":"bread","id":259821758,"name":"Moy Park Breaded Chicken Nuggets 800G","price":5,"price_desc":"€6.25/kg","image":"http://img.tesco.ie/Groceries/pi/580\\5010069725580\\IDShot_225x225.jpg","category":"Fresh Food|Fresh Poultry|Fresh Chicken"},{"store":"Tesco","keyword":"bread","id":259851540,"name":"Bernard Matthews Breaded Turkey Escalopes 390G","price":2.99,"price_desc":"€7.67/kg","image":"http://img.tesco.ie/Groceries/pi/411\\5010236061411\\IDShot_225x225.jpg","category":"Fresh Food|Fresh Poultry|Fresh Turkey"},{"store":"Tesco","keyword":"bread","id":260519778,"name":"Moy Park Breaded Goujons Mega Pack 700G","price":4.2,"price_desc":"€6.00/kg","image":"http://img.tesco.ie/Groceries/pi/542\\5010069725542\\IDShot_225x225.jpg","category":"Fresh Food|Fresh Poultry|Fresh Chicken"},{"store":"Tesco","keyword":"bread","id":264566899,"name":"Tesco Breaded Chicken Mini Fillets 305G","price":2.58,"price_desc":"€8.46/kg","image":"http://img.tesco.ie/Groceries/pi/457\\5051898684457\\IDShot_225x225.jpg","category":"Fresh Food|Fresh Poultry|Fresh Chicken"},{"store":"Tesco","keyword":"bread","id":264566997,"name":"Tesco Southern Fried Breaded Chicken Mini Fillets 305G","price":2.89,"price_desc":"€9.48/kg","image":"http://img.tesco.ie/Groceries/pi/556\\5051898684556\\IDShot_225x225.jpg","category":"Fresh Food|Fresh Poultry|Fresh Chicken"},{"store":"Tesco","keyword":"bread","id":264567506,"name":"Tesco 4 Breaded Chicken Steaks 505G","price":2.8,"price_desc":"€5.55/kg","image":"http://img.tesco.ie/Groceries/pi/945\\5051898684945\\IDShot_225x225.jpg","category":"Fresh Food|Fresh Poultry|Fresh Chicken"},{"store":"Tesco","keyword":"bread","id":264567593,"name":"Tesco Southern Fried Breaded Chicken Steaks 505G","price":2.8,"price_desc":"€5.55/kg","image":"http://img.tesco.ie/Groceries/pi/983\\5051898684983\\IDShot_225x225.jpg","category":"Fresh Food|Fresh Poultry|Fresh Chicken"},{"store":"Tesco","keyword":"bread","id":264781275,"name":"Tesco Italiano 12 Garlic Bread Bites 175G","price":2.59,"price_desc":"€1.48/100g","image":"http://img.tesco.ie/Groceries/pi/086\\5051898884086\\IDShot_225x225.jpg","category":"Fresh Food|Fresh Meals, Pizza, Pasta & Garlic Bread|Fresh Garlic & Cheese Breads"},{"store":"Tesco","keyword":"bread","id":264842647,"name":"Tesco Market Value Breaded Fillets 900G","price":7.99,"price_desc":"€8.88/kg","image":"http://img.tesco.ie/Groceries/pi/\\noimage\\noimage_225x225.jpg","category":"Fresh Food|Fresh Poultry|Fresh Chicken"},{"store":"Tesco","keyword":"bread","id":266176846,"name":"Medium And Medium Fresh Bread Crumbs 200G","price":1.2,"price_desc":"€6.00/kg","image":"http://img.tesco.ie/Groceries/pi/055\\5011023004055\\IDShot_225x225.jpg","category":"Fresh Food|Fresh Poultry|Fresh Chicken"},{"store":"Tesco","keyword":"bread","id":266605413,"name":"Tesco Bread Crumbs 400G","price":1.79,"price_desc":"€0.45/100g","image":"http://img.tesco.ie/Groceries/pi/825\\5052004739825\\IDShot_225x225.jpg","category":"Fresh Food|Fresh Poultry|Fresh Chicken"},{"store":"Tesco","keyword":"bread","id":273331795,"name":"Tesco Al Fresco Breaded Mozzarella Sticks 200G","price":3,"price_desc":"€15.00/kg","image":"http://img.tesco.ie/Groceries/pi/442\\5052004062442\\IDShot_225x225.jpg","category":"Fresh Food|Fresh Meals, Pizza, Pasta & Garlic Bread|Prepared Meals"},{"store":"Tesco","keyword":"bread","id":273681103,"name":"Tesco 2 Breaded Chunky Cod Fillets 350G","price":3.59,"price_desc":"€10.26/kg","image":"http://img.tesco.ie/Groceries/pi/776\\5052109943776\\IDShot_225x225.jpg","category":"Fresh Food|Chilled Fish & Sea Food|Fresh Fish"},{"store":"Tesco","keyword":"bread","id":279935388,"name":"Tesco Breaded Chicken Pops 250G","price":2.19,"price_desc":"€8.76/kg","image":"http://img.tesco.ie/Groceries/pi/221\\5053947839221\\IDShot_225x225.jpg","category":"Fresh Food|Fresh Poultry|Fresh Chicken"},{"store":"Tesco","keyword":"bread","id":279935434,"name":"Tesco Southern Fried Breaded Chicken Pops 250G","price":2.39,"price_desc":"€9.56/kg","image":"http://img.tesco.ie/Groceries/pi/245\\5053947839245\\IDShot_225x225.jpg","category":"Fresh Food|Fresh Poultry|Fresh Chicken"},{"store":"Tesco","keyword":"bread","id":279935929,"name":"Tesco Breaded Chicken Goujons 270G","price":2.25,"price_desc":"€8.34/kg","image":"http://img.tesco.ie/Groceries/pi/276\\5053947839276\\IDShot_225x225.jpg","category":"Fresh Food|Fresh Poultry|Fresh Chicken"},{"store":"Tesco","keyword":"bread","id":279936099,"name":"Tesco Southern Fried Breaded Chicken Goujons 270G","price":2.39,"price_desc":"€8.86/kg","image":"http://img.tesco.ie/Groceries/pi/313\\5053947839313\\IDShot_225x225.jpg","category":"Fresh Food|Fresh Poultry|Fresh Chicken"},{"store":"Tesco","keyword":"bread","id":279947656,"name":"Tesco Southern Fried Breaded Chicken Portions 950G","price":5,"price_desc":"€5.27/kg","image":"http://img.tesco.ie/Groceries/pi/580\\5053947839580\\IDShot_225x225.jpg","category":"Fresh Food|Fresh Poultry|Fresh Chicken"},{"store":"Tesco","keyword":"bread","id":285091909,"name":"Tesco Breaded Chicken Goujons 540G","price":4,"price_desc":"€7.41/kg","image":"http://img.tesco.ie/Groceries/pi/421\\5054268892421\\IDShot_225x225.jpg","category":"Fresh Food|Fresh Poultry|Fresh Chicken"}]